2594 5146
251 643 637 733 suumnnnusrn
666 644 970 733 untertana:
1064 670 1134 749 507

141 827 329 905 'tillimaez
361 831 466 907 nulle
489 843 610 907 autem
637 832 813 923 omnino,
835 845 879 907 ut
904 829 1049 924 reliquie
1070 853 1134 905 co·

170 929 268 1001 lubri
291 928 473 1021 speciebus
497 928 575 1005 fere
596 932 789 1020 omnibus,
808 932 948 1006 lamine
964 930 1130 1023 majorem

169 1025 360 1123 Marginea
381 1027 557 1102 labiorum
579 1048 627 1101 ex
646 1029 729 1103 albo
750 1028 907 1123 &nigro
927 1027 1132 1123 variegata.

173 1124 306 1198 Dentes
328 1124 365 1198 in
392 1124 565 1237 strperiori
590 1126 731 1201 maxilla
754 1128 921 1218 utrinque
941 1125 1038 1216 duo,
1061 1146 1133 1199 ma

168 1221 322 1315 jusculi,
356 1227 472 1310 acuti,
504 1222 539 1295 u
570 1224 711 1298 saeculo
736 1220 799 1297 suo
824 1224 1030 1315 venenati,
1046 1246 1134 1336 prae·

176 1333 280 1391 terea
316 1321 473 1432 nulli3
464 1343 500 1397 rn
534 1322 706 1399 inferiore
740 1344 832 1397 vero
864 1324 987 1419 plures
1020 1322 1135 1399 minu

178 1413 357 1506 tidini,
347 1419 507 1494 innocui

123 1534 287 1631 Rostrum
312 1537 418 1610 instar
443 1538 528 1613 coni
553 1537 729 1628 ereetum,
756 1538 841 1612 duas
863 1539 974 1613 lineae
996 1540 1133 1635 altum,

180 1655 326 1708 cornu·
344 1634 483 1724 forme,
512 1657 637 1711 uerum
666 1657 741 1709 non
762 1659 896 1709 cornea
923 1637 981 1710 sed
1006 1658 1136 1712 carnea

172 1733 328 1807 materia
347 1731 535 1820 constans,
563 1735 755 1827 retrorsum
784 1734 827 1805 ad
850 1749 957 1826 eaput
975 1737 1133 1822 mobile,

173 1829 366 1923 squamulis
407 1831 655 1907 minutillimia.
723 1833 809 1904 Hoc
835 1832 933 1903 inter
954 1852 1069 1906 cornu
1100 1833 1134 1906 δι

173 1930 330 2015 oeulos,
362 1930 404 1999 ab
440 1943 597 2020 utroque
634 1930 760 2021 capitis
792 1929 904 2000 latere
936 1933 1134 2004 tulercnlnn

172 2025 355 2118 quoddam
389 2026 566 2099 elevatius
600 2028 775 2103 cernitur.
851 2029 998 2101 Narium
1040 2028 1134 2100 foru-

172 2123 294 2209 mina‚
330 2124 372 2194 ad
402 2123 498 2196 basrn
531 2125 634 2217 huius
669 2125 772 2196 rostri
802 2124 971 2216 utrinque
998 2125 1134 2217 jacent.

179 2223 280 2295 Oculi
313 2222 422 2294 arnbo
457 2220 594 2314 squama
629 2224 735 2296 unica
768 2222 912 2311 latiori,
947 2224 1033 2295 loco
1064 2224 1137 2315 pal·

172 2317 388 2413 pebrarum,
408 2333 603 2412 teguntur,
631 2322 779 2413 occiput
804 2339 896 2390 vero
924 2320 1061 2393 duabus
1087 2323 1137 2395 la·

175 2415 285 2491 minio
312 2416 502 2506 distinctis,
529 2419 672 2510 reliquis
696 2418 817 2513 paullo
839 2418 1048 2508 majoribus.

123 2548 292 2612 cnuon
317 2532 505 2625 perbrevis
523 2534 587 2625 est,
603 2537 773 2631 pollicem
796 2534 1039 2611 transversum
1058 2538 1137 2616 lou·

136 2720 140 2725 Ι
177 2652 248 2731 ga,
281 2645 481 2709 attenuata.
535 2706 538 2710 ,

123 2744 180 2827 ca
206 2765 266 2823 tue
295 2747 367 2843 ipse
402 2749 461 2822 hie
489 2749 630 2843 serpens
666 2750 757 2838 fuit,
785 2770 866 2821 eum
900 2750 937 2824 in
965 2752 1136 2844 capienda

172 2772 335 2935 [acerra
376 2862 615 2940 occuparetur
650 2848 757 2923 Fron.
781 2849 870 2941 suec.
895 2869 999 2938 ¹352·
1034 2870 1137 2943 quam

174 2945 287 3019 etiam
311 2944 353 3017 ad
372 2945 548 3037 primores
572 2966 683 3034 usque
702 2944 810 3036 pedes
832 2945 1061 3039 deglutierat,
1076 2949 1137 3024 illu

166 3042 267 3117 licet
290 3043 538 3138 magnitudine
561 3042 699 3119 hostem
726 3056 893 3132 aequaret.

124 3157 175 3243 lu
199 3159 427 3233 meridionali
445 3160 598 3254 Europae
617 3173 740 3253 parte,
760 3158 886 3251 ltalia,
904 3158 1048 3260 Illyria,
1070 3159 1138 3242 dre.
1181 3161 1184 3167 ’

180 3257 291 3331 etiam
311 3257 346 3330 in
370 3257 485 3350 Libya
503 3259 693 3351 reperitur
848 3283 852 3288 ·

131 3364 215 3464 Obs-
255 3368 347 3460 Quae
372 3367 416 3438 de
442 3368 561 3439 caudae
585 3369 688 3460 hujus
710 3367 850 3440 colubri
872 3367 981 3441 nimia
1007 3367 1139 3442 duritie

180 3463 363 3538 Auiloree
393 3466 557 3538 nonnulli
591 3466 837 3553 tradiderunt,
868 3464 1000 3540 nulius
1022 3487 1138 3541 omnn

179 3582 236 3635 no
268 3561 316 3632 ell
345 3563 536 3654 ponderis.
578 3584 840 3674 cumcorpore
871 3558 1014 3654 quidem
1041 3563 1137 3675 illam

181 3755 328 3850 figniori
358 3756 489 3830 duritie
506 3758 743 3831 obcallescere
768 3757 992 3834 noverimus

135 3852 380 3932 Marrbiolus
367 3879 402 3927 an
432 3852 707 3969 Dioscoridernp
726 3876 819 3949 950:
868 3853 908 3925 Io
932 3853 1136 3966 viperarum

182 3973 324 4043 quoque
341 3972 473 4045 genere
493 3972 535 4023 ea
557 3952 723 4027 nimirum
739 3950 841 4024 fera
831 3953 994 4024 immanis
1013 3975 1138 4028 recen·

181 4049 248 4124 seri
264 4049 396 4140 potest,
408 4070 510 4141 qutm
521 4050 770 4161 Ammodyten
789 4063 937 4122 vocant.
966 4048 1024 4121 Est
1041 4053 1136 4126 eninr

179 4150 257 4223 fera
284 4147 358 4218 haec
386 4148 518 4236 viperae
548 4149 699 4221 omnino
732 4146 872 4232 similis,
901 4161 1138 4238 preterquam
1233 4234 1240 4245 ,

180 4242 278 4338 quod
295 4244 412 4335 capite
429 4242 472 4318 iit
488 4246 683 4338 ampliore,
708 4244 741 4317 δι
759 4244 910 4316 maxillis
929 4244 1134 4335 latioribus.

182 4341 350 4445 quodque
385 4341 516 4419 ultimo
555 4341 673 4418 rostro
707 4340 879 4438 superiori
911 4355 1014 4438 parte
1049 4343 1137 4415 emi-

1045 4460 1135 4519 neu·
