2594 5146
248 690 633 774 SURINAMENSIA
666 694 960 777 GRILLIANA.
1060 716 1131 801 493

138 862 392 951 COLUBER'
421 872 682 973 (sonniscarus)
707 878 814 953 scutis
845 880 1130 961 abdominilibus

176 971 299 1065 CCL,
327 974 476 1069 squamis
514 975 717 1051 crucialibus
757 976 906 1053 XXXV.
974 984 1130 1080 Arnpbii.

154 1074 393 1169 JGyilenborg.
417 1098 450 1147 n.
471 1076 505 1147 6.
776 1149 778 1153 ,

123 1166 175 1245 Μ
221 1172 374 1260 nitudo,
397 1174 521 1257 cosor,
544 1171 666 1246 omnir
684 1184 725 1245 ut
745 1172 781 1247 in
799 1170 1127 1273 Gyiieouorgiano,

218 1268 240 1341 d
273 1267 371 1341 scuta
404 1268 639 1344 abdominalia
661 1271 812 1345 'circiter
838 1276 975 1349 ducenta
996 1277 1031 1348 ἀ
1051 1298 1128 1372 qua·

174 1362 332 1461 draginta
357 1369 431 1441 osio.

123 1559 133 1581 .
189 1498 424 1581 COLUBER
464 1499 660 1602 (cyanus)
696 1509 804 1585 scutis
843 1510 1127 1593 abdomiualibus

178 1596 317 1695 CXIX,
342 1603 491 1697 squamis
522 1607 726 1681 caudaiibus
749 1606 824 1683 CX.
862 1666 865 1671 .

123 1696 351 1799 Auguicusus
382 1702 637 1892 Sufrinamensis
669 1727 837 1798 cyaneus.
882 1708 972 1795 ‚Sei
995 1715 1070 1810 tieſs
1089 1736 1123 1801 a,

163 1814 500 1895 saiw-2

123 1890 284 1988 Serpens
324 1900 374 1972 est
415 1900 610 1992 bipedalis,
653 1914 785 1973 trunco
823 1896 959 1975 scilicet
992 1904 1124 1997 pedem

171 2015 289 2069 unum
314 2016 394 2069 eum
420 1994 554 2069 semisse
578 1998 712 2093 longo;
740 1990 859 2069 Caudo
874 1999 1001 2090 pedem
1023 2001 1125 2076 dimi·

170 2088 289 2168 dium.
332 2091 474 2167 Totum
501 2095 750 2189 animalculum
770 2096 868 2187 supra
889 2095 1041 2171 scturate
1058 2121 1125 2173 ce·

175 2189 319 2263 ruleum
345 2191 378 2264 u
401 2192 665 2266 immaculatum
687 2191 758 2279 est,
786 2191 907 2266 subtus
933 2215 1025 2267 vero
1053 2196 1126 2291 pas·

170 2287 249 2361 lide
283 2288 475 2364 virescens.
543 2290 668 2365 Latera
705 2311 829 2383 parum
857 2290 1067 2385 compressa,
1090 2294 1126 2367 ἀ

170 2386 327 2460 abdomen
353 2387 474 2460 subtus
502 2386 655 2462 maxime
681 2388 837 2481 pianum.
879 2387 976 2465 Hinc
1003 2390 1124 2468 versus

136 2508 139 2515 ·
168 2496 343 2559 ventrem
366 2485 533 2578 utrinque
557 2487 775 2581 angulatum.

123 2618 286 2674 curun
308 2623 482 2694 parvum,
503 2614 678 2690 ovatum,
705 2598 837 2675 tesium
857 2598 957 2693 supra
976 2600 1125 2695 squamis

172 2695 393 2788 iatiusculis,
421 2701 569 2773 obtusis.
624 2700 768 2773 Narium
793 2698 970 2771 foramina
998 2722 1122 2793 parva.

180 2795 281 2868 Oculi
306 2797 538 2872 rufescentes.
590 2799 716 2873 Denter
735 2793 962 2869 minutissimi.
1010 2796 1126 2872 Linea

176 2890 224 2965 ab
246 2894 361 2967 oculis
385 2895 507 2969 versus
535 2894 685 2971 rostrum
711 2894 771 2967 sub
800 2890 942 2965 naribus
964 2910 1123 2973 euamta.

123 3028 331 3101 squnuu
366 3010 402 3084 in
437 3008 543 3083 dorso
579 3026 719 3096 ovate,
757 3009 891 3099 planu,
920 3007 1048 3104 leves,
1081 3013 1126 3089 ad

172 3106 288 3181 latera
315 3109 570 3197 rotundiores,
601 3104 658 3178 sed
685 3105 918 3178 virescentes.

123 3238 287 3291 suumn
315 3219 469 3291 maxime
492 3217 632 3308 tenuis,
656 3216 804 3313 squamis
827 3214 964 3289 obtusis
989 3216 1024 3290 ἁ
1045 3218 1124 3293 fere

171 3315 371 3412 hexagonis
401 3314 505 3392 tesia.

123 3433 275 3486 scuris
308 3433 582 3487 nnuourrsrs
608 3428 754 3486 centum
787 3410 821 3482 sc
856 3408 1122 3503 novendecim,

160 3510 305 3607 sqnonae
331 3514 478 3585 condoles
498 3512 594 3605 paria
617 3510 675 3584 seu
697 3509 752 3584 bis
772 3520 920 3581 centum
941 3505 977 3580 ss
998 3507 1125 3584 decem

172 3621 417 3681 numerantur.

123 3700 252 3797 Usque
289 3706 380 3776 adeo
427 3704 486 3778 hic
523 3704 669 3798 serpens
706 3688 987 3783 semiustis
1022 3722 1125 3775 css·

170 3823 487 3889 rosenensis,
524 3803 676 3898 Amphis.
711 3802 917 3894 Gyluniorg.
950 3816 1034 3873 nn.
1063 3823 1126 3873 ex·

171 3914 277 3972 terna
305 3899 398 3972 facie
430 3899 666 3987 adsimilatum
695 3914 736 3971 ut
767 3916 875 3970 unum
901 3895 1125 3990 eundemque

170 3992 244 4069 ess'e
269 3994 375 4070 facile
397 3997 572 4069 crederes.
625 3994 772 4069 Etenim
796 4009 868 4067 tam
883 3993 1001 4086 quoad
1017 4016 1125 4087 quan-

169 4091 340 4181 titatem,
367 4114 469 4183 quam
492 4093 666 4189 angulos,
700 4090 905 4165 &caudam
931 4091 966 4162 δι
991 4106 1123 4184 caput,

169 4188 320 4263 eandem
352 4188 494 4281 prorsus
526 4190 678 4263 sormam
711 4190 840 4262 servat.
897 4186 982 4262 Nec
1018 4191 1124 4262 color

169 4286 224 4360 iiii
254 4286 406 4360 multum
433 4285 621 4377 absimilis,
657 4287 744 4361 licet
781 4283 974 4359 innostro
1012 4288 1123 4381 magis

167 4382 342 4460 anticus
368 4381 404 4457 ἀ
428 4381 679 4463 immamslrtur
701 4383 756 4462 sn
809 4383 1033 4479 Quamquam
1063 4404 1122 4455 au-

1042 4490 1121 4557 tem
