2594 5146
222 609 526 713 coetoslras
563 610 871 717 coronalis,
1004 632 1075 731 rau

123 786 279 869 =Gionn
304 794 515 890 Terraquen
544 796 752 885 Elementa,
780 807 890 889 prout
915 812 1075 889 corpora
1210 824 1215 833 ·

125 886 213 984 icia,
253 894 287 967 δι
325 896 507 969 Naturalia
542 908 653 989 prout
686 894 910 993 composita,
947 890 1073 975 divina

123 1009 153 1087 t,
184 992 327 1073 cnnfide
321 993 442 1065 tanda
472 1008 591 1069 erunt.
642 988 853 1083 Naturalia,
880 990 1015 1067 haud
1004 1013 1072 1075 rm·

123 1106 177 1258 il
214 1091 380 1265 llll
402 1090 1072 1284 ‘'illel“‘adsidendum

123 1301 165 1355 at
186 1287 286 1361 orbis
309 1286 505 1375 terrestris,
535 1289 571 1361 in
591 1290 740 1381 Regnum
756 1292 950 1381 vegetabile,
972 1284 1072 1398 quod

123 1382 290 1479 uRegrri
322 1384 469 1479 Lapidei
502 1384 720 1478 superficiem
753 1392 842 1459 obre
823 1386 919 1479 egit,
961 1383 1040 1456 let
1030 1405 1070 1459 ιιι

123 1488 356 1675 appgereaetipabpss,
342 1505 451 1576 ,pro
475 1485 594 1557 lubitu
614 1486 719 1580 super
741 1486 907 1580 Regnum
932 1480 966 1555 se
991 1504 1069 1557 roo·

126 1742 180 1793 πε
205 1721 327 1795 omnia
354 1742 633 1797 nnnmnurrs
662 1720 881 1795 circumdata
906 1722 1006 1815 sunt,
1041 1726 1069 1801 sa

123 1840 164 1890 m
195 1819 270 1892 A'er
297 1836 417 1893 totum
445 1822 558 1909 cinpit
591 1821 737 1915 globum
764 1818 990 1911 terrestrem,
1032 1823 1069 1895 dt

144 1916 225 1989 loca
244 1931 443 2007 excavata,
463 1918 558 2013 Ignis
575 1939 666 1991 vero
686 1918 815 1991 altiora
831 1918 966 2011 querit.
1007 1919 1069 1996 Sic

123 2011 206 2124 'siris
234 2015 499 2102 illuminantur,
526 2040 603 2109 quae
627 2017 729 2090 situm
750 2016 846 2089 suum
871 2032 1013 2090 mutant
1032 2019 1070 2091 ἃ

123 2111 169 2187 ris
186 2114 320 2205 disjun
310 2112 443 2185 liffimn
464 2114 669 2208 splendent,
694 2114 728 2187 in
746 2135 898 2206 quorum
916 2138 1069 2197 numero

123 2226 253 2381 pparet
276 2212 475 2301 maximus,
502 2212 662 2287 Globum
678 2212 1069 2305 nostrumcalefaciena

123 2307 297 2402 riuosque
328 2308 545 2385 terrestrem.
822 2336 826 2347 ’

123 2460 220 2539 [omo
249 2468 286 2539 in
315 2466 440 2538 Globo
475 2466 591 2539 hocce
622 2466 848 2554 collocator,
882 2462 1066 2541 beneficio

123 2582 201 2654 nm,
231 2562 467 2639 Potentisirmi
490 2562 674 2643 Creatoris
700 2563 747 2636 sui
770 2562 924 2657 percipit
939 2586 1064 2656 opera,

143 2661 290 2752 cundia,
317 2662 361 2735 ad
378 2662 471 2735 suam
491 2660 785 2735 sustentationem
810 2661 964 2755 suosque
986 2662 1068 2736 usus

123 2760 256 2849 nentia,
293 2759 374 2833 heic
406 2758 570 2835 instrudia
603 2759 674 2832 else
704 2760 871 2848 invenit3
899 2780 944 2833 ea
969 2780 1064 2833 vero

123 2858 236 2931 rdoles
265 2858 439 2945 hnmana,
468 2874 529 2946 ut,
554 2880 631 2951 quae
656 2855 936 2930 artificiosrssime
965 2879 1067 2932 com·

123 2955 250 3045 esunt,
275 2956 392 3030 sensus
411 2959 488 3049 ejus
505 2958 658 3029 maxime
677 2953 853 3029 afficient:
877 2955 926 3029 ste
948 2956 1066 3050 pusio,

123 3074 167 3128 ιιιι
198 3054 405 3140 hominem,
432 3052 561 3127 deinde
584 3053 769 3137 animalia,
810 3068 888 3126 turn
914 3070 1066 3149 vegeta·

154 3150 236 3244 post
265 3149 529 3244 simplicissimae
562 3164 675 3225 terras
700 3150 911 3245 cognoscit,
936 3154 979 3223 ad
1003 3174 1066 3225 ea·

123 3270 170 3322 rm
205 3248 396 3337 observat,
432 3261 615 3343 quotquot
650 3249 786 3322 fuerint
821 3244 989 3323 animalia
1021 3250 1068 3324 ad

125 3346 333 3433 emtionem
371 3346 420 3420 sni
452 3346 558 3441 ipsane
596 3346 684 3439 nolli
730 3367 877 3439 parcere
921 3367 1065 3439 opere,

123 3466 132 3516 ι
162 3445 264 3521 nulli.
314 3444 450 3534 Videt,
483 3444 581 3535 quod
607 3430 698 3517 Fere
728 3460 885 3519 mortem
909 3443 1068 3519 inierant

123 3541 232 3630 ibus,
254 3556 361 3635 atque
380 3544 424 3615 ab
442 3543 668 3638 Aeeiptlriiur
688 3558 819 3615 ceterae
841 3540 1067 3617 devorentur

127 3640 262 3731 ,unde
294 3662 380 3714 nec
391 3638 511 3727 Pavo,
544 3660 739 3732 pennarum
767 3637 903 3712 suarum
928 3640 1065 3729 nitore,

147 3736 425 3813 misericordiam
455 3740 547 3832 apud
582 3751 726 3811 atroces
756 3736 931 3811 excitabit
953 3737 1068 3829 Aqui·

123 3834 209 3927 ruod
236 3838 348 3910 multa
370 3835 480 3909 millia
499 3834 675 3909 vermium
698 3834 760 3907 vel
780 3835 845 3907 vili
861 3832 1065 3908 Peffercuin

123 3933 306 4021 alimento,
330 3932 427 4027 quod
450 3952 604 4005 voracea
632 3932 744 4021 pisces
776 3933 974 4005 comedant
1000 3933 1067 4006 mi-

130 4081 143 4120 ,
131 4029 262 4125 ·quod
279 4030 526 4124 pulcherrimae
543 4018 631 4103 rosc
648 4053 669 4104 a
687 4029 870 4115 vermibus
886 4028 1067 4105 destruan-

123 4128 218 4221 quod
252 4128 418 4203 animalia
455 4128 638 4202 ferociora
684 4126 785 4201 omni
825 4126 901 4201 nisu
940 4144 1067 4202 cetera

124 4226 224 4299 ciora
247 4226 526 4320 persemrnntura
549 4225 649 4337 quod
675 4224 846 4316 iimpiicia
872 4228 932 4299 vei
956 4228 1065 4321 fuga,

123 4343 178 4401 aru
205 4323 394 4419 latumque
419 4322 577 4418 eristius,
604 4323 723 4399 vitare
743 4318 932 4415 ueduata
968 4318 1067 4413 quod
1163 4318 1175 4367 l

968 4439 1066 4497 crea·
