2588 5152
116 220 185 315 sn
291 190 676 294 suniunuuusun
704 204 998 292 nmuunnn:

114 412 119 421 '
212 396 373 474 nentium
393 395 566 487 quandam
586 396 743 486 habeat,
769 409 884 469 acute:
902 397 1129 473 vermcaefiu

212 500 298 572 lem.
351 492 461 565 Unde
484 493 781 583 circumfurenti,
813 494 871 587 qui
898 493 1130 586 serpenteen·

211 613 361 684 rumque
387 591 520 662 veneni
542 593 698 663 remedia
721 590 982 683 profitentur„
1004 592 1131 665 banci

211 714 286 765 ram
320 689 431 782 vulgo
457 689 637 781 appeliant
663 689 794 781 Aspide
819 691 876 760 dei
900 711 1044 779 corno,
1076 692 1134 763 inu

213 788 365 882 aspidem
399 802 606 862 cornutum.
657 786 791 880 Neque
814 785 896 859 sane
922 788 1083 879 ineptum
1104 787 1137 859 ii

212 908 348 961 nomen
383 883 611 970 indiderunt3
646 906 797 977 namque
824 906 901 957 non
931 886 1140 958 minaticum

210 984 413 1075 velocitate
435 980 631 1070 interficit,
650 1005 752 1074 quam
772 983 887 1073 Aspis.
914 982 1056 1055 Scimus
1069 985 1140 1057 euin

212 1073 384 1174 quosdam
427 1082 471 1150 ab
506 1079 561 1151 his
587 1080 774 1172 inopinate
805 1081 1019 1168 demorsos,
1053 1082 1142 1152 tribu

211 1190 355 1252 tantum
381 1176 479 1248 horis
501 1193 622 1250 morte
639 1177 855 1251 occubuisse.
910 1178 1067 1251 Proinde
1079 1177 1146 1250 scite

210 1278 305 1350 libro
333 1276 363 1346 X
370 1273 442 1363 iii,
464 1295 570 1366 capa
576 1295 610 1366 5.
638 1274 681 1348 de
702 1296 748 1346 eo
769 1276 817 1347 ita
834 1275 1008 1368 scriptum
1027 1276 1149 1368 reliquit

211 1375 359 1450 Aenus:
385 1371 629 1464 Ammodytes
654 1373 902 1469 magnitudine
932 1373 1077 1464 quidem
1102 1394 1148 1444 cu·

210 1474 332 1547 bitaiis
362 1470 432 1556 est,
458 1469 593 1560 (major
619 1470 714 1543 enim
744 1492 818 1544 non
842 1470 1029 1566 pingitur,
1052 1490 1152 1562 neque

211 1560 414 1653 scribitur,)
448 1568 573 1653 colore
606 1589 697 1639 vero
721 1566 912 1656 arenosus,
945 1591 1013 1660 per
1036 1588 1153 1660 corpus

211 1684 331 1740 nutem
352 1663 498 1735 maculis
519 1665 628 1760 nigris
653 1665 862 1759 inignitus:
888 1666 1040 1740 caudam
1058 1668 1156 1739 habet

208 1762 427 1858 praeduram,
466 1760 614 1853 superne
647 1762 826 1836 discissum.
890 1764 926 1837 A
958 1766 1155 1855 quibusdzn

208 1881 302 1931 vero
321 1857 530 1947 Cenchrias,
554 1861 588 1933 h.
609 1882 642 1933 e.
662 1862 829 1951 misius-is,
848 1863 900 1933 ob
922 1865 1048 1935 cuudae
1063 1860 1158 1935 instar

207 1957 296 2030 miiii
316 1956 498 2044 duritiem,
515 1959 710 2049 appellatus
730 1957 791 2030 est.
849 1956 1024 2033 Latiores
1047 1976 1157 2032 autem

207 2053 390 2140 maxillas,
408 2075 511 2144 quam
531 2055 654 2148 vipera
676 2056 808 2143 habet,
836 2077 994 2147 cumque
1017 2059 1051 2131 in
1073 2056 1156 2159 inui-

207 2153 256 2224 tis
288 2152 372 2223 alias
405 2152 437 2220 ei
470 2150 589 2224 similis
619 2152 682 2238 sit,
715 2155 841 2225 colore
873 2155 992 2251 magis
1019 2150 1156 2227 discerni

206 2251 347 2345 potest:
387 2250 511 2338 vipera
555 2252 650 2322 enim
680 2250 836 2323 subflava
872 2248 934 2324 est.
994 2250 1157 2327 ceterum

208 2348 252 2419 ab
282 2348 507 2438 Ammodyta
540 2347 719 2438 percussos
763 2347 888 2421 festina
932 2350 1157 2443 utplurimum

207 2467 305 2518 mors
328 2445 493 2536 sequitur.
548 2446 620 2539 Qui
643 2467 733 2516 vero
765 2460 836 2518 tarn
861 2447 968 2518 brevi
994 2472 1066 2521 non
1084 2466 1156 2539 pen

207 2560 316 2625 eunt,
345 2543 397 2611 his
426 2542 607 2635 sanguise
635 2546 783 2614 uuinere
806 2560 949 2621 manat.
977 2548 1154 2617 &vuinus

205 2639 432 2711 intumescit:
461 2639 518 2710 sed
538 2643 657 2732 pauiio
679 2641 756 2730 nost
781 2641 890 2712 sanies
910 2643 1085 2725 esserum,
1111 2640 1153 2712 se·

205 2737 395 2826 quiturque
419 2738 545 2823 canitis
571 2739 749 2831 gravitas,
775 2739 934 2811 &animi
954 2742 1149 2831 deliquium.

206 2835 279 2927 Qui
308 2855 398 2903 vero
425 2835 563 2920 optime
592 2837 746 2925 disposui
768 2838 867 2922 sunt,
890 2838 1147 2927 &rouust1'‚iu

204 2931 327 3001 triduo
354 2931 557 3003 intereunt:
585 2955 791 3023 quamquam
820 2938 954 3024 reperti
981 2932 1143 3028 sunu‚qu'

203 3029 241 3102 in
272 3026 459 3123 septimum
485 3051 599 3122 usque
628 3030 721 3103 diem
750 3031 923 3106 durarint.
