2594 5146
174 476 184 497 Ι
235 478 245 497 0

293 638 505 721 nonnus
554 632 885 719 ursacianos.
1048 662 1119 743 ις,

171 832 405 898 sonantum
436 819 771 916 (Fensterbdnkem
800 818 850 915 fig
879 815 959 912 14.)
990 823 1115 900 versut

111 912 247 995 teridien
256 919 460 1015 vaporatio
476 919 691 1010 respondet3
708 919 859 1012 feneſtre
876 920 920 991 ad
940 922 1114 998 occiden·
1207 980 1212 987 .

111 1025 341 1115 mengone,
374 1017 435 1092 sub
463 1019 590 1111 quibus
618 1038 682 1111 per
707 1017 835 1111 gradus
862 1014 1003 1092 scamna
1031 1018 1113 1095 sunt

111 1104 250 1211 !sPostta,
280 1116 324 1188 ad
346 1138 453 1190 urnas
473 1117 675 1210 plantarum
695 1112 1000 1193 diverfiffimatum
1022 1118 1115 1192 reci·

111 1202 233 1286 tendat:
259 1237 333 1307 quae
358 1215 411 1288 ita
437 1215 630 1286 collocata
655 1212 690 1285 u
714 1214 837 1286 calore
861 1215 1114 1293 maturitatem

111 1295 443 1408 'sequunturmagim
472 1310 690 1383 &adversus
708 1310 784 1384 vim
806 1312 1028 1406 tempestatis
1049 1314 1113 1388 fti-

110 1411 167 1467 rna
192 1409 296 1482 nodio
325 1407 520 1502 praesertim
552 1408 863 1483 communiuntur.
933 1409 1114 1491 Solarium

110 1506 159 1562 ¹⁰
178 1497 254 1581 hoc
272 1510 374 1581 uittas
401 1508 446 1601 3}
469 1506 757 1581 in'altitudinetn
777 1521 892 1602 patet.

114 1698 135 1715 „
157 1628 464 1715 §PRICARIUM
494 1620 577 1717 (fig.
601 1617 680 1711 ra.)
713 1623 879 1716 Aquatiia
911 1646 932 1698 e
960 1627 1114 1723 regione

110 1719 256 1808 scitur,
278 1719 442 1794 fenestris
460 1736 699 1813 coopertum,
724 1721 761 1793 in
780 1741 852 1813 quo
865 1726 987 1816 planta
1002 1728 1113 1809 fitecu-

110 1809 291 1889 “estate
309 1819 560 1907 collocantur,
588 1818 719 1891 solares
743 1816 864 1891 radios
892 1840 1109 1915 exceptura).

137 1942 183 1995 tt
206 1953 276 2011 Ea
307 1961 666 2017 manrorouauts
692 1939 775 2037 (fig.
792 1934 851 2031 ς.)
874 1963 1041 2039 magnum
1059 1946 1113 2024 cst

110 2035 158 2091 m
213 2033 330 2129 idque
358 2038 515 2128 nudum,
550 2060 658 2111 arena
682 2038 924 2114 constratum:
956 2044 1033 2118 hoc
1064 2045 1111 2120 de

110 2116 317 2233 &Baculo
340 2136 583 2230 prodeuntem
611 2128 751 2210 Fio'tam
774 2135 896 2210 versus
922 2143 1110 2221 meridiem

109 2228 161 2315 'is
174 2266 201 2307 s
245 2254 409 2307 urnarum
427 2235 547 2326 positu
562 2256 603 2306 ac
620 2233 706 2306 serie
723 2235 813 2306 mire
824 2235 1005 2327 iucunda,
1031 2263 1109 2334 quae

111 2334 153 2429 eu
190 2331 377 2425 tempore
400 2333 554 2406 hiberno
580 2332 618 2406 in
644 2331 844 2428 Frigidario
873 2338 1109 2417 commodum

109 2420 244 2515 :iptunt
265 2427 470 2522 hospitium.
523 2429 612 2502 Haec
631 2451 723 2501 vero
742 2450 823 2502 area
837 2436 913 2528 sepe
937 2440 1021 2511 vivo
1039 2458 1107 2513 un·

109 2537 154 2625 pue
173 2509 306 2617 septa,
331 2542 429 2623 porta
451 2523 595 2620 seraq'ue
619 2527 809 2600 clauditur.

158 2650 274 2718 uuna
313 2667 552 2719 vennatis
585 2644 663 2738 (fig.
687 2641 746 2735 4.)
784 2666 864 2735 para
902 2648 962 2721 illa
995 2648 1110 2727 Horti

109 2749 304 2833 mentiatur,
332 2765 409 2835 quae
431 2742 585 2817 confinis
603 2742 652 2816 est
670 2743 899 2835 Vaporario‚
932 2747 1033 2837 cuiue
1057 2750 1110 2825 ia·

108 2837 365 2927 „occidentem
390 2839 487 2915 inter
508 2841 765 2935 &aquilonem
787 2841 925 2931 pariete
949 2846 1026 2918 alto
1052 2847 1108 2924 in·

108 2933 239 3030 roditur,
268 2940 373 3033 juxta
398 2941 496 3035 quod
522 2942 654 3035 plantae
684 2939 895 3016 scandentes
921 2940 1106 3122 virlescuffit

993 3060 1051 3117 atr
1089 3087 1107 3106 ·

159 3265 260 3326 vitreae
282 3279 334 3337 per
351 3263 566 3337 longitudinem
592 3263 697 3320 domur
721 3262 855 3321 mobiiee.
898 3264 1036 3327 Aitltudo
1058 3270 1107 3332 se·

155 3346 311 3409 uestrarum
339 3347 469 3420 quinque
487 3346 542 3402 erit
566 3344 672 3415 pedum
738 3341 849 3401 Furnur
867 3343 903 3400 ad
927 3345 1003 3407 latua
1027 3354 1105 3416 mua

151 3428 378 3501 septentrionem
397 3425 545 3497 vergentis
564 3424 739 3497 erigendus,
761 3421 839 3482 fauo
855 3421 1105 3499 scilieetprimutn

149 3508 297 3571 foramine
316 3506 346 3566 in
366 3506 464 3564 medio
488 3506 580 3575 muri,
606 3504 686 3578 quod
708 3503 744 3560 ab
766 3503 847 3561 omni
868 3505 959 3565 latere
975 3510 1105 3575 duorum

148 3590 260 3667 pedum
278 3588 461 3646 latitudinem
475 3585 706 3657 complectatur,
723 3583 759 3642 ad
780 3581 864 3656 cuiue
875 3584 1038 3658 supremum
1052 3610 1104 3654 ua.

147 3687 210 3747 que
226 3668 329 3728 furnus
344 3667 479 3743 exsurget
493 3666 622 3738 eiusdem
639 3681 705 3724 cum
724 3678 860 3737 apertura
877 3669 953 3727 muri
971 3670 1104 3736 lantudi·

151 3756 202 3816 nis
222 3752 253 3808 in
276 3748 376 3808 fronte
400 3748 531 3808 foramen
557 3746 687 3819 habent,
718 3762 774 3818 pro
799 3746 901 3817 prunis
923 3750 1104 3830 ingerendo,

148 3831 235 3912 quod
249 3832 313 3904 post
324 3827 442 3904 injectas
453 3845 560 3900 prunas
576 3828 673 3888 claudi
686 3825 774 3885 debet
788 3823 875 3902 janua
888 3825 982 3890 ferrea
1014 3832 1103 3899 Dicto

147 3927 250 3978 autem
273 3911 362 3970 furno
381 3913 489 3968 utimur
513 3923 646 3982 ternpore
671 3907 847 3978 autumnali,
867 3904 898 3967 dt
919 3910 1043 3987 aestivo,
1063 3916 1102 3978 ad

107 3994 112 4005 '
145 4009 261 4072 prunae
278 3990 486 4063 excipiendae,
507 4006 545 4048 rte
563 3990 614 4047 sub
628 3988 695 4062 ipsu
713 3986 852 4047 concessit
872 3989 1001 4050 admotae
1022 3996 1102 4058 radi.

145 4091 202 4138 eea
218 4073 373 4133 herbarum
384 4072 574 4145 undiquaque
589 4066 726 4141 dispersae
744 4068 859 4140 pennu
873 4084 1004 4136 exurant.
1046 4078 1103 4136 se.

143 4158 230 4219 mitra
248 4168 335 4214 terrae
355 4153 494 4213 attineo
507 4169 559 4225 per
576 4151 696 4209 tubulos
711 4163 842 4218 terreor,
863 4146 924 4207 five
945 4152 1011 4213 vest
1028 4154 1102 4218 fiat.

144 4241 190 4301 lta
205 4237 354 4308 rotrude,
378 4248 467 4312 atque
479 4236 798 4309 oblongo-concava.
820 4225 950 4294 &fonds
967 4239 1102 4312 eaperua

143 4320 381 4385 comminentur.

106 4417 250 4506 sunl.
590 4408 633 4489 Ν
