2594 5146
278 632 674 728 SURINAMENSIA·
699 646 991 745 GRILLIANA·
1092 668 1161 739 501

137 823 402 921 Longitudioe
424 829 544 906 noster
563 847 717 923 quatuor
735 832 889 925 pedum,
913 826 1062 903 cralitie
1082 828 1161 899 bra·

202 925 275 999 chii
297 927 458 1013 constat,
485 930 682 999 alterneto
702 931 739 1003 in
758 930 888 1029 llluseq
905 926 1077 1016 Principis
1098 945 1160 995 ex·

201 1022 359 1117 predas,
386 1026 565 1119 geminum
588 1042 728 1099 tantum
751 1028 877 1115 pedem
900 1028 1031 1121 longus
1056 1021 1160 1094 &di-

204 1119 286 1215 gito
311 1124 468 1195 humano
493 1125 612 1213 paullo
637 1122 778 1196 craffior
801 1124 862 1196 est.

149 1220 365 1301 coronio
392 1220 514 1293 nostro
540 1223 683 1310 varius,
714 1244 757 1295 ex
777 1221 911 1295 albo&
931 1220 1051 1305 ssavo,
1078 1237 1161 1289 cum

201 1316 352 1389 maculis
378 1317 510 1411 nigris,
537 1319 744 1408 rhombos,
771 1321 807 1395 in
834 1319 929 1393 disco
955 1319 1067 1402 albisr
1098 1316 1160 1387 ille

203 1430 378 1486 econtra
406 1432 508 1487 totus
535 1418 656 1501 albus,
686 1417 835 1509 squamae
860 1437 986 1489 omncs
1015 1418 1167 1501 ovatae‚'

203 1510 392 1598 carinatae,
421 1511 611 1605 praescrtim
632 1516 666 1587 in
685 1516 792 1587 druso
813 1514 984 1587 &versus
1001 1527 1144 1605 caput.-

142 1628 277 1683 ΑΗΔ
313 1609 409 1681 inter
441 1613 569 1684 oculos
602 1612 810 1707 nigricans,
857 1632 937 1685 cum
976 1616 1060 1685 lirrea
1092 1614 1161 1682 lata

198 1705 425 1778 transuersali
452 1710 550 1794 alba,
581 1731 655 1800 quae
682 1732 757 1782 non
783 1710 818 1781 in
845 1710 975 1780 altero.

136 1806 310 1877 'carun
350 1803 633 1889 obtuoffinun.
675 1806 844 1879 liruliura
885 1801 1158 1891 antecedentis,

199 1900 329 1974 dentes
348 1904 383 1975 in
402 1904 571 1993 superiori
593 1905 733 1977 maxilla
752 1902 894 1982 canini,
929 1904 1023 1973 intra
1042 1899 1159 1973 laccu-

198 1998 274 2073 lum
293 2001 495 2088 reconditi,
517 2000 688 2085 subulam,
708 2003 853 2089 reflexi,
871 2000 1023 2091 digitum
1044 2014 1160 2070 trans·

196 2094 342 2169 versum
368 2098 490 2192 longi,
527 2099 695 2191 utrinque
723 2100 818 2189 duo,
855 2100 982 2191 quibus
1012 2094 1162 2171 lethalia

196 2192 330 2289 infligit
353 2197 516 2267 vulnera.
1030 2276 1038 2288 ‚

144 2310 388 2365 annonam
418 2311 502 2364 ante
526 2315 630 2366 anum
658 2292 790 2369 tatium
810 2292 917 2366 scutis
942 2289 1158 2365 transversa·

194 2387 291 2461 libus
319 2405 466 2465 centum
490 2390 716 2483 septuaginta
748 2392 972 2479 arnonus,
1001 2406 1038 2463 at
1067 2409 1158 2460 vcro

193 2482 293 2559 inter
328 2508 434 2559 anum
466 2486 499 2558 ἃ
532 2490 791 2579 crepitaculum
827 2493 924 2562 scuta
962 2487 1091 2583 viginti
1125 2482 1161 2557 dr

191 2602 331 2671 unum,
356 2584 390 2655 dt
408 2585 571 2675 proxime
585 2589 628 2657 ad
642 2587 716 2659 lraec
733 2587 880 2676 squamae
898 2589 1006 2659 trium
1021 2585 1158 2681 parium

193 2681 344 2753 caudam
366 2696 451 2753 ante
472 2683 729 2772 crepitaculum
749 2683 890 2758 liniunt.
983 2710 1002 2759 a·

144 2796 307 2853 cauno
331 2778 450 2869 arcta,
477 2780 678 2873 angustior,
711 2780 934 2873 breviffima,
965 2777 1161 2853 terminata

192 2876 441 2967 crepitaculo,
487 2898 563 2950 non
595 2879 710 2969 quinis
748 2878 936 2951 constante
975 2875 1158 2964 articulis,

192 2970 253 3044 sed
284 2996 443 3060 novem,
465 2972 598 3069 figura,
626 2989 666 3045 ut
688 2975 723 3047 in
753 2980 887 3064 altera,
917 2974 1089 3069 deprella.

141 3068 320 3163 Pleraque
341 3092 428 3163 ergo
451 3072 646 3145 &nomina
671 3074 704 3147 δι
728 3073 949 3167 synonyma,
974 3096 1050 3166 quae
1076 3070 1159 3147 Mu·

194 3166 243 3242 sei
278 3168 452 3259 Principis
484 3167 756 3260 Crotalophoro
788 3172 1021 3261 tribuuntur,
1048 3168 1159 3242 etiam

111 3312 116 3323 ·
191 3265 279 3339 huic
307 3266 437 3343 speciei
462 3270 671 3340 communia
697 3287 815 3344 erunt.

98 3370 157 3445 ιθ.
184 3362 425 3437 LACERTA
458 3360 667 3457 (regmen)
696 3369 807 3438 cauda
833 3367 969 3457 tereti,
1002 3383 1160 3456 corpore

193 3463 305 3551 duplo
341 3461 529 3555 longiore,
567 3464 716 3551 pedibus
744 3465 1031 3555 pentametrum,
1056 3459 1161 3533 crista

191 3561 304 3644 nulla,
327 3558 611 3651 hypochondriis
631 3561 784 3650 plicatis.
827 3564 982 3659 Amphil.
1008 3562 1156 3653 Cylleni.

119 3694 129 3709 ·
193 3680 229 3729 n.
254 3678 310 3744 14.

140 3750 187 3827 Io
209 3752 354 3847 singulis
376 3755 450 3827 haec
467 3752 610 3848 prorsus
633 3776 714 3829 cun
741 3753 1052 3849 Gyllcoborgiana
1071 3774 1160 3826 cen·

193 3867 309 3922 vemt.

93 3958 155 4041 ¹9·
183 3945 422 4021 LacuRTA
448 3944 710 4040 (Chardaleon)
746 3948 858 4022 cauda
888 3952 999 4023 tereti
1032 3952 1160 4037 brevi,

191 4046 341 4136 pedibus
361 4048 642 4139 pentadallylis‚
669 4047 790 4142 digitis
815 4048 958 4121 duobus
975 4050 1161 4143 tribusque

190 4144 418 4218 coadunatis.
462 4144 553 4235 Mus.
582 4148 700 4219 Prior·
726 4149 831 4219 mro.

147 4240 395 4315 Occidentalis
420 4240 484 4313 iste
513 4241 622 4315 India
643 4231 899 4327 Chamaeleon,
924 4259 1161 4335 preterquam

190 4337 289 4439 quod
319 4336 536 4415 obscurioris
561 4340 698 4509 collutis
728 4340 796 4433 ut,
826 4340 860 4415 δι
887 4344 1027 4421 fenora
1048 4339 1161 4433 graci-

640 4436 652 4509 i
678 4461 697 4533 3
1052 4437 1160 4530 liora,
