2594 5146
254 683 639 770 SURINAMENSIA
670 684 966 766 GRILLIANA.
1034 678 1171 809 '4922

174 868 345 959 ciuntur,
386 870 419 943 dr
452 891 551 963 que,
592 882 667 943 tam
700 868 737 941 in
774 868 851 940 aliis
888 867 1133 958 curiosorum,

174 990 284 1058 quam
315 967 351 1042 in
385 964 720 1060 nostria'quoque,
766 966 799 1038 u
832 964 1067 1041 Bibliotheca
1100 967 1137 1042 dt

173 1064 291 1138 Horti
321 1064 550 1153 Academici,
584 1063 743 1152 Museir,
776 1085 851 1137 non
883 1064 956 1139 sine
986 1062 1134 1145 admira·

173 1163 283 1235 tione
314 1162 487 1237 visuntur.
547 1157 663 1236 Carne
691 1163 767 1254 ejus
784 1161 829 1234 'dr
855 1162 922 1235 seri
953 1161 1136 1240 indiarum

172 1259 330 1349 incolae,
361 1262 394 1332 &
423 1258 634 1356 &Nigritae
658 1258 819 1334 Africani
848 1260 1051 1334 vescuntur.
1096 1260 1134 1334 A

172 1359 488 1451 peregrinantibus
527 1357 752 1433 mortiferam
793 1358 928 1431 nemini
970 1356 1134 1455 indigere

171 1458 314 1550 plagam
337 1457 508 1543 traditur,
534 1455 730 1548 quodcum
754 1455 872 1528 nostra
894 1456 1134 1550 descriptione

173 1556 335 1646 apprime
360 1553 554 1648 congruit,
590 1555 719 1646 quippe
744 1555 781 1627 in
805 1575 872 1645 qua
899 1553 996 1627 illurn
1023 1557 1135 1649 majo·

173 1652 275 1723 ribus
307 1650 448 1724 destitui
477 1652 645 1724 dentibus
680 1649 968 1739 adfirmavimus,
1004 1654 1133 1745 qulbus

173 1748 324 1821 lethalia
351 1747 453 1840 pollit
480 1749 611 1822 inferre
637 1751 800 1824 vulnera.

123 1866 231 1968 Piso:
258 1869 456 1943 Famelicus
482 1893 526 1941 ex
553 1870 708 1942 dumetis
732 1869 893 1961 prosilit,
923 1867 1043 1943 caudae
1065 1867 1133 1942 suae

174 1968 322 2054 nitens,
349 1969 528 2039 horrende
550 1967 583 2038 se
605 1966 732 2061 erigit,
766 1966 916 2039 ludatur
940 1988 1021 2040 cuin
1047 1967 1132 2041 ferie

176 2064 213 2139 dr
238 2065 466 2147 hominihus,
496 2064 662 2137 &sibilat
687 2064 819 2152 iratus,
857 2066 915 2135 vel
935 2085 980 2136 eit
1002 2066 1131 2137 arbore
1258 2139 1263 2148 ,

175 2164 214 2236 iri
238 2163 417 2234 viatorem
444 2163 580 2248 desilit,
600 2183 761 2253 ¹cunique
783 2159 997 2235 validilhmis
1019 2161 1133 2257 cingit

161 2263 421 2349 amplexibus,
455 2275 495 2331 ut
519 2259 626 2334 etiam
655 2260 851 2343 interimat,
971 2290 975 2295 ·

123 2378 369 2473 Morcgraai'iis
404 2380 497 2450 vidit
541 2378 716 2471 inteqram
755 2400 896 2470 capram
931 2378 976 2452 de
1002 2379 1132 2457 lutill'e.

178 2478 360 2552 Animalia
387 2477 712 2549 circumvolvendo
743 2477 903 2573 frangit,
937 2501 959 2550 o
992 2498 1133 2554 acom-

173 2576 332 2663 minuit,
365 2588 447 2645 tota
474 2570 584 2661 saliva,
607 2575 740 2647 oblinit
767 2577 825 2647 vel
854 2574 933 2671 degi
981 2575 989 2589 '

123 2695 266 2793 Kaempf.
295 2703 435 2768 aiaoeait.
463 2716 560 2788 573.-
613 2692 910 2788 Constringentea
937 2590 1132 2789 waldi,
1173 2708 1180 2723 ·

138 2798 257 2885 ,quia
290 2793 409 2866 nescio
437 2815 508 2884 quo
536 2791 608 2865 aist'u
638 2793 876 2885 quadrupedia
907 2792 1132 2867 circumdare

176 2892 213 2963 dt
239 2892 320 2962 dum
346 2894 545 2964 moriantur
571 2888 836 2984 constringere,
871 2886 1043 2964 suffocata
1070 2893 1132 2964 de·

171 3010 270 3065 muni
294 2989 471 3084 deglutire
492 2988 677 3060 dicuntur:
708 3010 750 3059 aii
774 3007 858 3061 uros
881 2989 1010 3071 etiam,
1034 2989 1132 3081 quod

171 3090 326 3180 Cleyerur
352 3094 385 3158 i'ir
414 3088 657 3181 ephemeridibus
683 3089 876 3173 germanicis
912 3087 1058 3171 retulit,
1091 3086 1130 3160 td

170 3186 352 3276 nunquam
386 3184 572 3277 comperi,
615 3185 671 3253 vel
699 3206 716 3253 a
741 3178 812 3257 fide
845 3182 961 3278 dignis
994 3184 1126 3261 audivi.

168 3280 289 3378 Nugae
314 3280 393 3355 sunt
419 3280 614 3354 fabulantis
641 3282 751 3375 vulgi.

123 3400 294 3479 Nleremb.
317 3416 386 3474 irat.
402 3421 491 3491 274:
529 3399 662 3471 Incolit
688 3399 764 3472 saxa
790 3411 982 3489 antraque,
1011 3396 1129 3471 &oc-

170 3499 401 3571 currentibus
423 3497 652 3582 animalibus,
667 3497 714 3568 ad
733 3497 766 3567 sc
785 3496 904 3576 tratlis
923 3493 1056 3573 lialitu,
1072 3495 1127 3566 vi·

170 3595 287 3671 mitat.
330 3593 457 3667 Cervis
481 3595 684 3682 insidiatur,
711 3592 1126 3666 occultatus'frondibus

170 3693 320 3768 circavi
403 3714 473 3782 quo
492 3693 590 3764 cervi
609 3693 726 3764 solent
744 3691 907 3764 transire.
932 3687 1022 3761 Crini
1043 3711 1126 3780 pro·

168 3813 218 3886 pe
236 3785 357 3862 accedi
395 3811 548 3875 cervus,
574 3791 611 3860 vi
633 3789 773 3879 spirituc
792 3788 838 3862 sui
859 3787 1008 3860 attrahit
1028 3787 1070 3858 ad
1091 3786 1125 3860 se

167 3903 212 3962 ut
239 3909 386 3982 magnes
411 3888 566 3975 serrum,
597 3903 805 3977 nequeunte
829 3907 942 3958 cervo
969 3888 1126 3959 evadere

166 3984 313 4059 avidum
332 4009 374 4057 os
392 3986 545 4060 colubri.
570 3982 718 4078 (carent
737 3985 808 4057 hoe
827 3982 981 4077 imperio
999 3981 1034 4055 in
1058 3984 1124 4056 ho·

165 4077 317 4171 mines).
360 4083 562 4155 Detentum
586 4083 698 4154 halitu
715 4103 862 4154 ceruum
882 4079 1124 4172 complebitur·

164 4196 248 4268 tur,
285 4176 684 4271 eircumcomprelfioiie
715 4180 963 4273 exstinguunt,
994 4177 1124 4250 deinde

164 4280 397 4366 adlambunt,
426 4277 461 4348 dt
483 4276 588 4348 saliva
612 4277 668 4349 sua
690 4278 845 4350 linentea
870 4290 1068 4368 praeparant
1091 4276 1125 4344 dt

167 4377 348 4455 condiunt
372 4389 413 4451 ut
437 4373 577 4453 facilior
599 4374 777 4546 pingunt,
811 4373 944 4469 alioqui
967 4373 1126 4559 95¹2}ae
1152 4510 1155 4515 Ι
