2594 5146
284 634 587 719 cumosrrns
621 634 929 716 urrunnun
1061 656 1132 736 552

112 822 161 899 isa·
184 818 327 914 bestiis,
355 818 644 908 interficiuntur3
664 840 790 894 eorum
811 816 1130 895 commiseratione

111 916 258 1015 rpislime
285 921 485 1015 tangimur,
525 942 605 993 nam
630 920 653 993 sr
681 922 756 992 lraee
786 918 950 991 animalia
978 918 1033 989 uti
1060 940 1130 993 noa

111 1018 261 1105 mtiaut,
292 1020 445 1091 crudelia
484 1018 631 1089 uidetur
661 1020 821 1099 laniena3
857 1018 995 1087 Verum
1032 1018 1130 1089 enim

111 1116 179 1191 aro
197 1136 242 1187 ex
255 1115 453 1207 Sysiemate
471 1116 582 1189 Globi
598 1114 709 1189 nostri
727 1114 809 1207 satis
826 1113 996 1205 superque
1011 1128 1129 1205 patet,

111 1214 144 1287 Ιι
176 1216 430 1285 tantummodo
463 1212 533 1285 else
564 1214 681 1287 media
716 1226 823 1304 atque
849 1212 1022 1299 artificia,
1054 1234 1133 1303 que

111 1308 266 1385 estnihil
291 1309 431 1383 efficere
459 1311 625 1402 porlirntr
654 1310 797 1401 optimo
813 1308 934 1382 uisum
957 1308 1008 1380 est
1024 1308 1131 1383 Crea-

111 1406 186 1497 Μ’,
217 1428 341 1481 eorum
372 1412 561 1501 exemplo,
594 1410 701 1482 nobia
731 1410 780 1481 ob
816 1410 946 1480 oculos
976 1406 1133 1481 nostram

111 1524 284 1597 urumque
319 1528 456 1599 ponere
488 1507 707 1597 vanitatem,
746 1528 885 1597 nosque
930 1504 1016 1577 nihil
1061 1504 1133 1577 eise

111 1602 205 1691 siud,
228 1626 330 1695 quam
356 1605 541 1677 viventem
563 1606 731 1691 humum,
758 1603 820 1677 nisr
839 1598 968 1687 dotes,
987 1602 1132 1691 quibun,

111 1722 158 1775 re
187 1701 277 1789 iliis,
301 1702 473 1791 fruimur,
504 1701 598 1773 rotie
632 1702 774 1797 riteque
812 1700 1063 1789 adhibeamus,
1094 1700 1134 1777 iu

111 1796 226 1874 undem
253 1820 382 1893 nempe
403 1798 599 1875 Creatorir.

159 2012 226 2083 Sur
243 2010 370 2105 glande
387 2010 565 2097 vescitur,
587 2030 699 2102 eaque
714 2007 856 2104 pinguis
874 2008 1011 2093 evadit,
1030 2011 1136 2085 arbo·

111 2126 165 2183 em
208 2128 299 2181 vero
332 2132 407 2183 non
440 2108 688 2201 conspicatur,
735 2107 829 2179 unde
875 2108 1137 2181 nutrimentum

111 2224 189 2279 reru
226 2206 376 2291 habeat,
417 2210 604 2297 multoque
637 2206 753 2277 minus
788 2205 833 2275 de
861 2204 1038 2276 Creatore
1074 2206 1136 2277 suo

111 2302 256 2399 ogitat,
288 2303 322 2377 id
346 2305 406 2377 srbi
426 2318 669 2397 preparante3
695 2302 850 2375 nostrum
872 2302 953 2373 sane
978 2302 1029 2375 est
1053 2304 1138 2375 erit·

113 2420 160 2473 ue
176 2398 269 2473 suern
288 2402 409 2473 haere
429 2400 614 2495 prestere,
642 2400 665 2473 sr
684 2401 761 2493 plue
783 2398 995 2472 eCreatore
1013 2400 1138 2475 nostro

111 2498 224 2571 abere
258 2500 496 2589 discupiamue
529 2498 609 2592 opis
649 2518 691 2569 ae
728 2497 955 2569 desensronis.
1010 2500 1135 2593 Quid,

111 2594 232 2687 peso,
264 2610 400 2670 nature
429 2596 481 2669 est
504 2595 808 2681 convenientius,
840 2616 941 2685 quam
970 2612 1010 2667 ut
1038 2598 1136 2671 illum

113 2712 218 2769 more
237 2708 344 2785 atque
377 2696 476 2767 cultu
501 2695 668 2789 religioso
688 2692 960 2787 prosequamur,
984 2694 1138 2784 quinon

111 2788 207 2865 uodo
223 2812 353 2884 eorpus
372 2793 554 2875 unitam,
572 2813 699 2864 verum
717 2790 1009 2865 sustentationem
1026 2792 1137 2867 etiam

111 2902 201 2983 tque
224 2891 345 2961 omnia
369 2889 475 2962 nobis
503 2892 600 2984 large
624 2890 715 2961 adeo
745 2887 925 2977 effuseque
946 2886 1137 2966 concessu!

111 2986 294 3061 duriorum
314 2985 519 3073 artificium,
538 2992 581 3059 ab
603 2986 749 3061 homine
766 2984 985 3073 consedium,
1002 2986 1138 3059 audiori

111 3102 156 3159 uo
177 3086 310 3158 nullam
338 3085 429 3177 parit
447 3086 608 3170 laudem,
636 3084 658 3157 sr
682 3085 732 3156 ita
750 3084 843 3155 intra
868 3104 982 3155 arcam
1010 3106 1143 3157 recon-

111 3184 222 3271 etur,
248 3198 289 3265 ut
319 3183 404 3255 nulli
431 3180 656 3269 innotescat,
688 3181 816 3254 nuuius
844 3181 938 3252 enim
970 3196 1058 3254 tune
1089 3180 1142 3257 est

111 3280 244 3353 aroris.
284 3280 366 3351 Dici
385 3279 524 3371 quidem
540 3280 685 3371 nequit,
705 3279 747 3351 ad
766 3278 989 3363 uiaiostatem
1006 3280 1141 3357 Sumini

111 3374 266 3451 iuminis
293 3377 376 3449 inde
401 3377 531 3469 aliquid
561 3378 732 3449 accedere
755 3376 1006 3469 peri'odsionis,
1044 3378 1141 3469 quod

112 3494 210 3573 pera
230 3475 314 3567 ¹ejur
349 3475 583 3561 admiremur,
607 3475 679 3549 hoc
708 3492 827 3546 tamen
857 3496 1003 3561 uerum,
1030 3468 1142 3548 iru‘rno

111 3567 312 3647 eriffimum
340 3571 412 3659 eu,
443 3574 592 3645 eandem
619 3572 694 3663 ejus
721 3570 942 3663 Majestutenr
967 3572 1049 3642 ideo
1073 3592 1142 3645 nee

111 3668 233 3755 rinus,
273 3669 308 3743 in
343 3692 398 3741 eo·
424 3685 543 3743 autem
573 3670 738 3742 summam
775 3670 968 3741 consistere
993 3670 1144 3763 gloriam

112 3766 287 3855 xistimo,
314 3766 409 3861 quod
439 3772 516 3841 Coeii
537 3783 686 3841 enarrent
703 3769 770 3859 ejus
784 3770 942 3855 giorinrn,
956 3763 1144 3858 firmamen-

111 3888 225 3960 umqum
241 3888 391 3937 manuum
408 3868 474 3959 ejus
489 3870 606 3938 indicet
624 3883 716 3959 opera
739 3863 822 3935 Psal.
841 3864 926 3935 xlx
934 3914 945 3945 ,
965 3886 998 3936 2·
1032 3867 1144 3956 quod·

111 3984 169 4049 ure
195 3983 251 4035 res
274 3978 404 4035 creatu
425 3961 597 4035 mirabilia
622 3965 696 4052 ejus
724 3960 847 4031 videre
871 3959 998 4051 possint
1021 3984 1142 4053 opera.

111 4062 160 4135 se
187 4060 322 4132 muita:
360 4060 454 4149 quod
478 4056 548 4151 ipsa
577 4060 703 4131 humus
731 4080 795 4152 per
827 4079 895 4129 nos
920 4059 954 4129 dr
979 4060 1145 4131 innubis

111 4154 287 4251 exsurgat,
324 4157 357 4231 dr
383 4158 535 4229 extollat
556 4155 740 4228 Creatoris
768 4154 815 4226 sui
841 4156 1146 4246 omnipotentiam

111 4270 210 4347 utque
235 4254 460 4347 sapientiam,
495 4254 576 4327 satis
609 4276 654 4325 err
680 4252 847 4325 omnibus
866 4254 1036 4343 operibus
1053 4254 1142 4345 ejus,

111 4354 132 4431 it
165 4372 245 4429 non
287 4352 398 4427 modo
441 4374 487 4427 ex
525 4350 683 4429 miranda
720 4350 769 4423 sui
805 4350 912 4445 ipfiur
954 4348 1143 4433 strudiura,

641 4448 776 4541 Mnus
1090 4446 1147 4520 sed
