2594 5146
252 640 569 725 corrosum-
591 636 909 741 urrursrere,
1033 658 1111 763 sse

143 823 264 997 ipsfh-
286 826 335 903 sui
369 824 556 937 §tenteris
587 822 634 899 dt
667 822 759 919 legis
799 834 959 910 nautrae,
996 834 1111 915 qum

123 954 125 987 1
156 947 192 1018 rp
209 947 238 999 a.

123 1052 203 1137 Nec
219 1062 338 1157 potest
361 1064 502 1138 indoles
523 1062 702 1162 humana,
735 1064 821 1157 quin
839 1063 883 1137 sd
900 1060 1102 1137 tonlrderr·

123 1184 190 1235 rem
216 1162 264 1235 sui
287 1162 491 1247 Creatoris,
517 1163 614 1259 regia
636 1161 728 1253 quali
750 1162 832 1249 via,
860 1161 1014 1235 deducat
1036 1159 1102 1235 ho·

124 1282 195 1335 cm.
246 1263 396 1335 Nimium
414 1275 548 1345 nocet,
574 1267 721 1334 varietur
745 1271 865 1333 eutem
894 1256 1102 1332 deledlstio·

123 1378 134 1433 r
174 1358 290 1432 adfert
323 1372 527 1453 pergratam
560 1370 693 1451 perque
714 1358 931 1453 jucundam,
961 1357 1075 1429 immo
1086 1384 1111 1443 ,r

123 1484 127 1520 r
168 1458 347 1529 varietate
395 1458 533 1531 animus
583 1456 679 1529 curis
727 1456 846 1529 veluti
891 1453 1110 1541 confectus..

123 1555 265 1647 {uescitz
291 1576 383 1629 unus
404 1556 570 1645 idemque
590 1553 712 1640 cibus,
749 1552 773 1627 sr
799 1553 859 1627 diu
884 1552 1100 1644 adponentur,

123 1654 250 1725 etitum
284 1652 412 1725 edendi
449 1653 570 1737 tollit,
607 1650 841 1742 nauseamque
872 1650 989 1743 parit,
1019 1668 1104 1725 cum

123 1750 284 1822 ontrario
312 1751 469 1825 varietas
497 1750 662 1823 ciborum
687 1749 888 1841 appetitum
914 1758 1107 1841 provocet.

123 1868 203 1941 que.
270 1847 437 1934 Domus,
474 1845 659 1940 prospediu
692 1867 841 1933 cerens,
873 1845 1042 1939 captivos
1065 1843 1112 1917 dr·
1242 1872 1248 1879 ·

123 1966 243 2036 pones
279 1946 475 2039 sylvaticos
519 1942 629 2018 efficit
671 1944 977 2031 melancholicos,
1016 1964 1102 2037 pro-

123 2043 185 2115 lus
209 2064 299 2116 uero
327 2044 456 2131 latior,
487 2044 735 2135 variarumque
759 2062 876 2115 rerum
894 2042 1042 2134 plenus,
1066 2040 1102 2114 du

123 2142 261 2229 elatus,
286 2140 416 2215 hilares
433 2140 551 2213 reddit
575 2140 765 2232 homines,
790 2140 842 2213 uti
862 2139 941 2212 sunt
957 2137 1100 2230 Lappo·

138 2238 269 2333 alpini3
295 2237 438 2333 Cupido
462 2237 650 2311 varietatis
675 2237 784 2326 facit,
817 2253 857 2310 ut
880 2238 1002 2311 lromo¹
1017 2256 1101 2307 raro

123 2349 250 2413 tentus
282 2336 340 2410 sua
368 2336 610 2427 arrisione,
638 2334 697 2409 sed
727 2336 865 2429 semper
890 2355 990 2409 nova
1014 2332 1103 2408 defi·

123 2452 155 2505 st
187 2435 305 2523 bona3
339 2436 400 2508 uni
426 2434 618 2525 eidemque
642 2434 787 2527 objedlo
816 2434 876 2505 diu
901 2432 1101 2521 inherens,

123 2532 332 2607 lanelroliam
360 2532 555 2606 contrahit.
606 2530 695 2606 Haec
722 2531 795 2605 srne
816 2533 892 2604 ullo
921 2528 1031 2603 dubio
1049 2528 1112 2605 est:

134 2630 270 2705 Summi
292 2631 500 2719 creaturis,
528 2650 603 2721 quae
632 2630 735 2722 cogit
760 2629 853 2721 quali
883 2628 917 2701 dr
946 2626 1100 2721 impellit
1177 2676 1182 2681 -

123 2728 296 2802 esrnenter
329 2729 518 2815 homines,
550 2726 631 2801 satis
663 2730 763 2822 pluro
798 2729 874 2822 ejus
901 2746 1012 2819 opert
1042 2723 1110 2799 nd-¹

123 2824 221 2903 leodi
246 2842 353 2921 atque
379 2824 584 2927 admirandi.

123 2968 322 3064 Confitetudo
362 2990 506 3062 quoque
546 2968 590 3041 ad
620 2968 714 3041 hano
748 2988 823 3042 rem
855 2968 950 3045 haud
976 2990 1111 3065 parurnl

123 3064 210 3139 lert.
260 3064 451 3139 Officinam
480 3064 732 3159 pretiolrllrmis
762 3068 933 3141 refertam
968 3070 1102 3145 machi·

123 3220 127 3243 ,
164 3162 224 3233 vel
252 3162 417 3237 Mulsum
451 3166 573 3238 omnia
605 3165 792 3238 includens
822 3166 1006 3256 animalia,
1040 3172 1102 3244 uel

123 3278 214 3333 cum
239 3260 370 3333 ilorum
394 3277 501 3353 atque
528 3264 717 3336 herbarum
745 3264 922 3338 variarum
953 3264 1101 3339 infinito

123 3362 313 3452 pemodum
338 3380 491 3433 numero
519 3362 722 3450 celebrem,
751 3376 793 3433 ut
816 3360 914 3453 supra
937 3362 1046 3448 nihil,
1074 3364 1100 3441 li

123 3470 156 3529 rt
185 3454 336 3542 bomo,¹
357 3458 621 3531 multitudinem
651 3458 685 3529 dr
715 3458 930 3533 varietatem
957 3460 1112 3550 quidem·

123 3554 434 3646 summonitor,
454 3554 523 3638 ast,
541 3556 734 3647 perbreve
754 3556 930 3649 temporis
951 3557 1101 3648 spatium

127 3668 401 3744 commoratus,
435 3654 618 3727 vinciret
649 3653 726 3726 haec
757 3653 915 3727 miranda
946 3654 1099 3745 ulterius

123 3750 309 3841 lrpablturr
344 3752 477 3825 Anima
506 3751 600 3825 enim
630 3772 705 3825 non
728 3751 866 3844 judicat
905 3751 950 3823 de
980 3750 1101 3829 adsue·

164 3844 225 3919 Est
256 3846 337 3923 lane
366 3851 441 3922 haec
466 3850 547 3940 lex,
580 3871 599 3923 a
627 3848 777 3923 Summo
808 3846 1007 3938 Creatore,
1032 3851 1116 3923 lio-.-

126 3943 138 4015 i
163 3944 286 4034 inlita,
320 3968 367 4018 ne
386 3962 488 4019 tanta
510 3948 752 4021 mirandorum
771 3945 989 4019 Divinoruru
1008 3948 1099 4021 mul·

123 4041 209 4115 dine
245 4044 350 4116 obrui
387 4043 423 4116 se
453 4044 629 4134 patiatur,
672 4044 729 4121 led
765 4044 800 4116 in
834 4044 910 4116 dies
935 4045 1113 4136 cupidior·

123 4188 135 4227 ,
173 4142 273 4232 plura
312 4141 516 4234 perorandi
551 4141 736 4214 mirabilia.
799 4139 897 4233 Ergo
934 4141 1098 4234 constat,

125 4238 139 4309 l
168 4254 303 4310 nature
332 4238 461 4312 nostras
498 4238 584 4312 lore
612 4260 816 4335 congruens
839 4238 977 4337 nugis,
994 4261 1101 4332 qus·

123 4332 263 4412 Summi
299 4334 485 4413 creatoris
527 4336 719 4435 operibus,
768 4334 996 4436 cogitatione
1043 4354 1100 4415 at·
1231 4399 1233 4403 >

995 4447 1100 4515 teliu
