2594 5146
382 671 609 755 MUSEUM
647 666 904 757 PRINCIPIS,
1106 692 1175 769 301

123 862 175 939 td.
200 851 398 935 ANGUlS
420 861 617 950 (cocunea
633 842 812 953 pllsuslls's)
836 850 945 929 scutis
967 852 1178 931 abdomina·

212 962 308 1032 libus
331 955 551 1045 CXXVIII,
575 953 724 1069 squamis
747 955 954 1028 caudalibus
972 952 1106 1031 XLVI.

160 1078 327 1131 casua·
355 1072 531 1142 ovatum,
565 1056 628 1125 vix
652 1057 883 1149 angulatum,
910 1056 1014 1127 laeve.
1081 1056 1181 1129 Oculi

213 1152 332 1247 parvi.
399 1152 546 1227 Narium
575 1152 755 1226 foramina
786 1152 933 1227 minima
961 1150 1005 1223 ad
1038 1152 1180 1247 apicem

218 1251 340 1328 rostri.
390 1250 519 1325 Dentes
544 1251 660 1344 parvi.

162 1368 394 1426 'sabucus
414 1348 565 1434 crassus,
595 1347 696 1443 supra
709 1346 858 1438 lividus,
883 1346 927 1421 ad
944 1348 1057 1421 latera
1073 1346 1182 1423 fascia

214 1448 491 1542 longitudinalis
526 1444 651 1533 fusca,
688 1470 732 1520 ex
756 1446 907 1540 squamis
938 1446 1045 1521 fuscis
1077 1448 1180 1542 apice

217 1549 362 1623 albidis.
421 1546 591 1619 Aldnmen
622 1547 765 1634 album,
800 1568 881 1619 cum
913 1547 1041 1619 ordine
1066 1546 1183 1621 uttin-

219 1667 293 1741 que
321 1644 457 1716 latesali
488 1644 766 1738 longitudinali,
793 1664 837 1715 ex
865 1644 1013 1715 maculis
1043 1645 1181 1737 parvis,

218 1744 387 1831 luteolis,
413 1741 456 1813 ad
476 1742 588 1812 latera
609 1740 735 1835 singuli
753 1741 842 1814 scuti
861 1742 1017 1835 singulis.
1056 1742 1185 1817 Panna

219 1862 355 1939 pauca,
382 1858 495 1934 vaga,
519 1836 641 1911 susca
631 1859 667 1912 sn
690 1838 905 1921 abdomine,
933 1860 1010 1929 quae
1029 1838 1090 1913 sub
1107 1842 1185 1913 col

219 1942 263 2015 lo
289 1940 380 2011 vel
371 1959 408 2007 sn
434 1938 558 2030 primis
585 1936 691 2009 scutis
721 1936 1009 2010 abdominalibus
1035 1936 1180 2033 singula.

224 2040 331 2114 Scuta
365 2039 580 2108 sbsdans'nuls'n
607 2050 753 2107 centum
783 2032 998 2147 &viginti
1003 2034 1110 2124 osio,
1147 2036 1185 2110 ds

221 2150 377 2208 truncus
408 2132 552 2205 satione
582 2132 846 2227 longitudinis,
879 2156 956 2225 quae
987 2131 1024 2207 in
1056 2132 1184 2209 nostro

220 2237 305 2327 plus
331 2252 433 2325 quam
459 2232 594 2323 pedalis
620 2230 692 2318 est,
718 2230 824 2303 valde
850 2230 993 2304 crassus

169 2348 335 2407 cussus
363 2327 584 2415 breviffima,
614 2328 846 2425 quadraginta
874 2330 934 2405 sex
963 2328 1188 2420 squamarum

222 2430 370 2525 paribus
395 2427 515 2499 subtus
542 2427 737 2518 vestita,
726 2428 916 2520 inquibus
942 2428 1088 2525 fingulis
1112 2448 1188 2505 ma·

225 2529 309 2601 cula
331 2524 521 2620 majuscula
544 2522 653 2599 lusca.

130 2702 189 2781 ιγ.
216 2684 415 2761 ANGUIS
437 2688 635 2771 (conones
657 2678 821 2771 vittatus)
845 2684 1003 2759 scutellis
1027 2688 1190 2767 abdomi.

225 2785 366 2859 nasibus
395 2782 551 2874 CXLII,
577 2783 782 2857 caudalibus
805 2781 973 2858 LXXIV.

178 2926 340 2979 casua
359 2917 527 2993 ovatum,
547 2903 657 2976 variis
675 2902 803 2975 suturis
816 2918 1014 2977 exaratum.
1041 2902 1191 2981 Ausum

228 3000 408 3076 foramina
434 3005 531 3076 nulla
561 3000 766 3112 conspicua·
817 3001 945 3075 Dentes
968 2999 1137 3077 minutiis
1137 3002 1189 3079 sni

227 3102 363 3192 absque
393 3101 564 3171 dentibus
592 3098 784 3171 venenatis
817 3097 1025 3171 mobilibus
1082 3100 1193 3178 Lulla

230 3200 310 3271 alba
334 3198 451 3270 lituris
476 3197 689 3270 transversis
719 3195 829 3292 nigris
861 3194 1058 3291 variegata.

183 3316 371 3373 asuucs
397 3292 546 3387 squamae
563 3291 718 3366 dorsales
744 3293 978 3381 lanceolata,
1007 3296 1102 3371 linea
1116 3296 1191 3371 ele

228 3408 317 3468 wta
338 3409 513 3475 exaratas,
546 3410 622 3483 que
646 3407 767 3464 tamen
788 3390 915 3463 linea
906 3413 941 3462 sn
966 3390 1115 3481 squamis
1140 3398 1191 3470 la·

229 3491 408 3567 tesalibus
429 3491 623 3563 evanescit.
678 3494 782 3564 Scuta
802 3488 1018 3563 aldominulia
1038 3509 1191 3570 centum

233 3588 524 3682 &quadraginta
547 3588 632 3660 duo.

184 3710 348 3763 cussus
370 3688 489 3757 tenuis
515 3686 674 3776 ejusdem
696 3682 833 3757 colosis
853 3702 935 3757 cum
959 3682 1088 3774 dorso,
1112 3682 1192 3761 sub·

232 3802 295 3859 tus
324 3784 417 3855 tesia
441 3781 665 3878 septuaginta
686 3798 843 3874 quatuos
867 3782 1009 3873 paribus
1035 3781 1192 3873 squama·

231 3903 313 3956 sum
336 3881 554 3966 albidasum,
581 3900 728 3970 quarum
752 3880 896 3977 fingulae
917 3881 954 3955 in
971 3880 1094 3955 medio
1119 3903 1194 3957 ma·

233 3981 352 4053 culam
381 3978 518 4071 nigram
545 3992 689 4073 gerunt.

185 4082 342 4153 cocos
365 4075 403 4150 in
427 4075 495 4148 hac
525 4075 641 4167 specie
667 4074 948 4165 pulcherrimus,
974 4072 1070 4149 linea
1093 4074 1197 4171 nigra

231 4172 401 4269 angusta,
436 4174 600 4265 acapite
628 4171 672 4245 ad
705 4173 853 4244 caudam
887 4171 1028 4247 dossum
1064 4174 1194 4269 pingit

232 4272 334 4347 Huic
350 4270 490 4363 adjacet
511 4271 681 4364 utrinque
704 4269 809 4343 fascia
826 4269 1145 4383 longitudinalisp
1148 4276 1196 4344 al·

232 4368 309 4445 lide
343 4364 458 4467 grisea
491 4366 643 4463 squamis
683 4365 773 4443 albis
806 4366 892 4443 binc
925 4363 1012 4445 iude
1047 4296 1192 4537 αΐρὶνΐι
