2594 5146
200 437 216 477 b

259 646 559 731 CURlOSlTAS
596 646 915 729 mutuantis:
1035 659 1103 740 54⁸

140 831 175 904 dt
203 832 308 921 lere,
334 833 553 924 tandemque
578 831 705 904 homo.
756 827 851 901 Nam
872 827 957 901 fere
983 827 1100 901 neuti-

123 952 154 1002 m
195 932 244 1004 ob
283 931 576 1006 sustentationem
619 944 820 1001 ceterarum
853 942 1100 1003 creaturarum

123 1030 312 1117 cresunt,
346 1031 405 1103 sed
440 1028 640 1111 debiliora,
664 1025 842 1115 rapacium
871 1022 1011 1109 casulla,
1051 1022 1100 1097 stc

123 1126 154 1197 is
184 1144 261 1199 non
295 1149 415 1200 vaccae
442 1124 583 1213 caulia‚·
615 1143 732 1213 neque
758 1122 931 1215 accipitet
960 1120 1100 1214 gallinae

123 1244 140 1293 a
164 1225 333 1299 conditus
360 1224 432 1311 est,
459 1239 496 1296 at
521 1239 672 1306 contra;
704 1237 832 1315 atque,
863 1221 936 1293 hoc
963 1218 1097 1305 modo,

123 1341 288 1414 umopus
312 1322 508 1397 creationis
531 1322 576 1393 ab
597 1316 755 1399 inseetis,
780 1317 932 1408 avibus,
950 1312 1097 1409 quadru-

123 1416 199 1491 ibus
225 1420 268 1491 ad
294 1422 477 1495 hominem
504 1439 616 1510 utque
642 1416 820 1508 procedit.

123 1562 181 1637 Eli
201 1565 309 1657 igitur
330 1564 498 1639 Hominis
524 1585 656 1657 corpus
684 1562 771 1637 nihil
797 1563 912 1649 aliud,
940 1564 1002 1638 nili
1026 1580 1099 1637 ter·
1232 1572 1236 1579 '

146 1663 335 1735 elementis
371 1664 503 1750 mixta,
536 1660 571 1733 in
601 1663 729 1755 Regno
760 1661 954 1755 vegetabili
985 1660 1100 1736 elesta

123 1759 323 1847 nobilitata,
358 1760 391 1832 dt
419 1758 595 1853 sapiffime
619 1764 663 1830 ab
687 1759 896 1831 animalibus
928 1758 1099 1832 redifica-

132 1856 168 1928 &
190 1858 285 1949 quod
315 1859 505 1931 marimum
536 1856 694 1930 huminis
727 1854 801 1943 est,
833 1857 996 1947 ultraque
1028 1854 1098 1929 sese

123 1955 333 2042 extendit,
352 1955 444 2027 adeo
463 1975 503 2029 ut
524 1955 658 2039 homo,
686 1955 792 2027 unice
809 1974 915 2026 carne
933 1952 1096 2043 vescens,

126 2052 197 2124 litt
215 2053 330 2142 aliud,
353 2074 455 2145 quam
480 2052 705 2149 vegetabile,
727 2050 942 2142 tandemque
960 2051 1097 2143 rediga·

130 2150 168 2222 in
191 2165 335 2223 tetram.
397 2150 450 2223 Ex
480 2152 535 2224 lris
572 2149 705 2221 veritas
740 2146 925 2221 Creatotis
954 2150 1095 2234 elucet3

123 2250 226 2336 endo,
249 2249 433 2322 hominem
462 2249 504 2320 ad
528 2248 673 2320 humum
702 2247 862 2333 reverti,
888 2246 984 2319 unde
1007 2244 1097 2337 sum·

123 2396 131 2428 .
170 2351 281 2439 pulvis
311 2354 393 2420 enin
425 2349 489 2438 esi,
530 2348 574 2432 θ
601 2351 643 2419 ad
666 2350 833 2442 pulverem
856 2348 983 2429 redibit,
1010 2344 1093 2423 Gen.

123 2444 183 2516 ll.
212 2466 340 2541 n.19‚·
376 2444 472 2535 quud
503 2440 667 2529 constat,
707 2462 787 2514 cum
818 2463 886 2515 nos
911 2444 944 2513 u
972 2438 1096 2513 omnia

123 2541 211 2614 nalia
238 2540 433 2635 putrefiant
459 2542 501 2613 ad
532 2543 641 2613 talem
662 2541 833 2630 humum,
861 2540 973 2634 qualia
1006 2558 1094 2615 eon·

123 2642 250 2712 ebatur
276 2663 321 2714 cx
343 2630 617 2735 vegetabilibus.

123 2774 301 2847 Mirabilia
324 2776 444 2865 itaque
466 2775 732 2868 omnipotentis
755 2775 941 2849 Creatoris
959 2795 1091 2867 opera,

123 2871 185 2965 ipsa
211 2890 337 2946 natura
363 2871 544 2945 clarillrme
565 2878 723 2947 elucent.
776 2866 1003 2966 lpsa'Humus
1024 2893 1093 2945 vo·

123 2971 177 3041 ati
212 2973 289 3061 ejus
323 2969 543 3057 satisfaciet,
578 2973 753 3061 ideoque,
793 2988 866 3043 tam
891 2970 1027 3045 'multis
1058 2969 1097 3045 u

144 3068 461 3141 innumerabilibus
481 3070 620 3150 modis,
650 3071 685 3141 in
706 3070 919 3165 vegetabilia
943 3068 1092 3157 viridia,

123 3165 252 3237 riferus
287 3166 418 3252 liores,
453 3168 760 3259 pulcherrimaque
789 3182 977 3240 mutantur
1005 3166 1090 3241 lilia.

125 3262 273 3335 dicente
303 3265 398 3350 lint,
427 3264 566 3336 necelle
584 3260 635 3336 est'
654 3282 693 3336 ut
712 3266 929 3357 vegetabilia
949 3262 1009 3337 sub
1026 3284 1092 3335 no·

123 3360 200 3432 ibus
216 3362 419 3437 animalium
437 3378 604 3443 currant.
629 3380 670 3436 ut
691 3364 839 3448 volent,
864 3375 904 3433 ut
924 3360 993 3433 sese
1015 3380 1093 3433 rno-

123 3476 180 3544 π,
214 3474 255 3532 ut
287 3472 437 3549 natent,
473 3472 512 3532 ut
542 3460 639 3534 mille
678 3459 830 3552 denique
863 3458 982 3533 modis
1016 3454 1092 3531 sub

123 3569 188 3630 ent.

123 3677 211 3748 Dum
233 3678 392 3752 miranda
418 3678 480 3751 ista
509 3679 544 3751 in
569 3679 685 3752 senilis
713 3677 924 3773 animosque
948 3676 1091 3752 nostros

123 3790 253 3862 urunt,
297 3777 504 3850 immensum
543 3776 613 3850 sese
645 3776 756 3849 offert
800 3798 923 3867 mare,
961 3775 1092 3871 quippe

123 3875 162 3945 tis
199 3873 367 3966 sapientia
397 3876 548 3949 bumana
578 3872 744 3961 deficiat,
776 3877 798 3948 st
826 3875 953 3965 pedem
983 3874 1091 3948 unius

123 3971 253 4041 'crutari
272 3987 379 4045 aveat
397 3971 542 4048 Musca.
595 3972 799 4043 Potentiam
822 3972 959 4046 Summi
986 3970 1091 4044 Crea-

123 4090 157 4156 ς,
186 4069 221 4165 in
247 4071 403 4143 minimis
421 4071 565 4162 quidem
589 4071 663 4162 ejus
686 4070 985 4161 deprehendimus
1005 4090 1089 4161 ope-

123 4186 161 4250 s3
190 4168 226 4236 ait
250 4166 412 4239 lromnia
443 4169 478 4240 id
497 4190 610 4262 genus
637 4168 733 4240 inter
762 4168 795 4241 se
816 4188 1089 4261 comparemus,

123 4260 246 4338 ressum
281 4267 485 4356 emanabit,
523 4266 583 4340 ubi
623 4265 652 4337 is
687 4266 738 4339 est
776 4269 936 4341 omnium
973 4284 1090 4338 rerum

123 4384 177 4453 rs,
203 4376 267 4453 ut,
295 4363 441 4439 absente
461 4384 555 4455 una,
581 4363 643 4437 libi
669 4363 832 4439 constare
857 4386 933 4441 non
965 4358 1091 4460 polita

564 4463 699 4557 Mmg
996 4459 1091 4531 certi
