2594 5146
392 604 649 683 connum
697 600 932 679 eirenen.
1145 628 1192 701 99

148 838 153 845 -
224 786 349 877 Desrr.
375 784 518 857 Romuli
538 784 573 857 lii
599 782 762 855 corallini
787 783 866 855 sunt
888 780 1107 869 dielrotomi,
1133 794 1190 855 te·

139 884 340 972 retiusculi‚
369 882 684 975 longitudinaliter
708 878 879 972 nuntiati.

226 984 316 1057 Pori
337 982 443 1073 juxta
464 980 729 1075 longitudinem
756 980 791 1050 in
815 976 970 1049 seriebus
994 996 1189 1069 propemo-

139 1080 212 1153 dum
230 1080 423 1173 contiguis
444 1078 702 1169 disponuntur,
726 1068 880 1165 lapidem
895 1074 1041 1167 oblique
1057 1088 1192 1147 envant

140 1176 374 1250 &cavitates
396 1176 555 1247 formant
571 1175 691 1246 versus
711 1176 806 1246 basin
830 1174 1052 1265 cuspidrtas,
1077 1174 1193 1245 altera

161 1292 233 1345 arte
263 1272 441 1363 marginis
469 1272 645 1343 exiliente
675 1272 806 1343 latiore
830 1270 864 1341 bt
887 1272 978 1361 cirrosi
1006 1270 1189 1361 bipartita.

139 1294 260 1445 infor
282 1371 399 1465 igitur
420 1392 593 1459 oororom
612 1370 838 1463 triangularis
857 1368 920 1439 eil.
971 1366 1088 1439 Immo
1112 1368 1194 1441 sun·

147 1468 398 1561 iuscujusque
417 1470 600 1553 invenior,
630 1466 688 1559 qui
710 1490 730 1537 a
752 1466 956 1539 summitate
970 1468 1193 1541 ramulorum

152 1562 356 1639 intuentium
375 1567 491 1637 oeulis
515 1566 668 1653 iocunde
688 1562 923 1651 obversatur,
950 1564 1089 1635 inverse
1102 1584 1191 1637 eoo·

157 1666 333 1755 templatus
354 1663 497 1754 prorsus
514 1662 704 1734 delitescit.
756 1660 876 1755 Quid,
903 1662 998 1751 quod
1018 1660 1191 1753 superbis

151 1762 277 1835 mmolit
298 1760 433 1835 sursum
453 1778 554 1833 mota
577 1781 705 1832 manns
724 1759 927 1831 scabritiem
948 1757 1058 1831 sentit
1072 1759 1191 1833 mino·

152 1876 232 1947 ren,
256 1882 364 1953 quam
392 1860 414 1931 sr
441 1858 602 1929 deorsum
626 1858 777 1929 feratur.

227 1956 329 2031 Tum
354 1959 398 2029 ad
427 1957 550 2028 littora
574 1956 710 2028 marina
735 1956 855 2027 hocce
883 1950 1041 2023 Corellia
1067 1952 1191 2045 sopior

154 2070 355 2143 occurrunt,
385 2073 461 2126 tum
483 2076 504 2125 e
524 2056 711 2126 montibus
739 2074 880 2145 quoque
907 2050 1069 2122 calcariis
1097 2050 1191 2123 haud

150 2146 334 2225 insolenter
356 2167 554 2241 eruuntur3
581 2150 765 2225 &colore
788 2152 1027 2223 observantur
1049 2162 1092 2223 ut
1111 2151 1190 2245 plu·

146 2248 261 2325 omum
288 2250 423 2324 albid0.
658 2344 689 2416 H

230 2488 511 2541 irroboronn
541 2485 694 2557 repens,
730 2464 837 2537 ramis
867 2464 1113 2555 dichotomis‚
1146 2468 1189 2540 li-

151 2566 250 2733 '23⁰¹ss
280 2565 478 2654 fribolaria,
508 2562 706 2637 imbricatis
732 2584 844 2657 poros
872 2564 1184 2661 distinguentibus.

179 2686 215 2755 ις.
231 2665 352 2737 XXV.

231 2762 347 2851 Descr.
381 2757 578 2831 Corellium
606 2758 679 2831 hoc
706 2759 879 2853 longum,
905 2762 1106 2847 ramosum,
1135 2760 1188 2833 di·

159 2852 371 2944 elotomum,
400 2858 558 2948 undique
579 2856 808 2947 nuntiatum,
838 2858 951 2930 latere
976 2862 1116 2933 cuidam
1138 2862 1187 2935 la·

152 2954 210 3045 pili
227 2955 411 3029 arsiiffime
436 2956 607 3027 adbaerct.

234 3056 320 3129 Pori
346 3054 491 3145 oblique
516 3051 758 3141 descendunt,
791 3054 940 3143 l'cntqtre
966 3052 1189 3131 striato-ex·

149 3152 275 3237 cavati,
304 3172 347 3223 ac
368 3152 388 3223 sr
410 3151 547 3223 foliolis
566 3150 786 3231 imbricatis,
813 3150 994 3239 acetoso,
1020 3154 1096 3227 hare
1114 3156 1188 3249 spe·

148 3246 208 3321 tier
234 3250 441 3341 blilleporae
462 3248 550 3321 ellet
574 3250 616 3319 ab
641 3250 741 3319 ornni
768 3262 869 3339 pnite
893 3249 1090 3341 conspersa.

113 3372 116 3425 ε
227 3346 288 3419 Ad
316 3346 469 3419 sormam
500 3346 609 3441 igitur
643 3348 676 3417 o
710 3346 975 3421 similitudinem
1010 3350 1190 3445 Lecopolir·

150 3460 245 3537 nsque
270 3442 363 3517 adeo
386 3444 561 3516 accedunt
584 3444 617 3515 hi
639 3445 787 3529 ramuli,
821 3455 861 3515 ut
879 3443 986 3517 facile
1005 3448 1082 3539 quis
1103 3446 1189 3523 alle·

152 3558 232 3617 teret
254 3564 321 3615 eos
348 3542 417 3613 elle
445 3542 536 3615 hanc
560 3542 664 3633 ipsam
689 3542 836 3613 herbam
864 3544 1108 3633 petrefaclam.

228 3640 475 3731 Reperiuntur
498 3638 587 3729 sepe
617 3642 692 3711 lnec
718 3638 911 3732 specimina
933 3642 970 3715 in
1002 3642 1188 3719 montibus

150 3736 319 3829 calcariis,
350 3737 411 3811 ubi
437 3758 580 3832 quoque
607 3737 720 3809 obvia
741 3738 821 3811 sunt
846 3738 1060 3833 petriliceta.

610 3896 710 3971 Xlll.

230 4036 513 4091 arrrtaaronr
540 4017 783 4109 subrotonda‚
806 4022 906 4113 poris
923 4022 1080 4095 minimis
1099 4044 1187 4101 eon·

151 4106 264 4201 sertis,
286 4115 556 4208 majoribusque
578 4118 734 4191 creontis
756 4120 922 4193 remotis.
956 4122 1030 4209 lie.
1044 4126 1183 4202 xilv.

235 4212 343 4289 Perus
364 4212 606 4305 terniones,
623 4216 737 4307 finiero
749 4220 812 4309 fin
833 4244 872 4291 oc
892 4210 1112 4313 magnitudine
1133 4238 1185 4295 lu·

154 4302 216 4383 lere
235 4312 402 4409 lutearia
420 4311 572 4405 reserens.
600 4314 723 4393 Brom.
742 4316 821 4391 litlr.
835 4314 883 4413 sp.
895 4338 930 4395 a.
948 4338 1005 4413 19.
1033 4336 1061 4392 t.
1077 4340 1133 4411 ¹9·

653 4410 690 4487 G
716 4434 737 4487 a
1066 4414 1185 4515 Descr.
