2594 5146
389 546 400 581 t

363 684 590 767 MUSEUM
636 679 893 761 PRINCIPIS.
1094 704 1165 781 291

144 888 308 945 carus
328 866 567 963 compressum
596 865 640 939 ad
663 868 796 955 latera,
826 867 925 959 supra
939 866 1082 959 planum
1103 862 1164 939 sed

199 969 405 1043 transverse
420 971 606 1041 elevatum
629 964 727 1037 inter
744 968 896 1051 oculos,
924 988 1005 1038 cum
1029 967 1161 1061 angulo

196 1069 369 1158 utrinque
397 1066 585 1154 cannoto,
618 1062 719 1154 supra
746 1065 900 1149 oculos,
932 1085 949 1134 a
975 1063 1092 1135 rostro
1118 1062 1162 1135 ad

196 1166 349 1257 occiput
379 1178 608 1235 excurrente.
671 1160 794 1235 Nucla
825 1161 1009 1249 profundo
1039 1162 1114 1234 sinu
1141 1182 1162 1236 a

193 1278 329 1335 trunco
348 1260 531 1348 distintis,
555 1259 652 1333 uude
669 1260 818 1351 occiput
837 1262 871 1331 in
896 1262 1062 1355 angulum
1080 1282 1162 1333 ucu-

194 1374 276 1433 tum
306 1359 478 1432 excurrit.
543 1362 641 1431 Oculi
672 1358 755 1433 testi
790 1360 997 1430 membrana
1036 1358 1159 1450 crassa,

193 1456 396 1551 papillosa.
415 1456 452 1528 in
479 1456 580 1548 cujus
608 1456 730 1527 medio
753 1456 841 1527 rima
872 1457 1160 1550 longitudinalis‚

196 1576 277 1647 quae
313 1554 467 1646 proinde
496 1554 743 1647 palpebrarum
780 1552 882 1624 vices
913 1556 1017 1645 gerit.
1071 1556 1161 1630 Haec

195 1654 320 1727 tunica
343 1652 483 1745 puntiis
504 1651 643 1724 callosis
670 1652 829 1741 undique
860 1654 953 1723 tetta
980 1653 1042 1727 est.

145 1752 300 1826 Narium
324 1750 503 1823 foramina
518 1772 629 1843 parva
654 1748 817 1820 deorsum
839 1747 1041 1841 spectantia
1098 1752 1162 1826 Ri-

196 1853 266 1924 ltus
282 1846 507 1942 amplissimus
525 1850 659 1939 absque
677 1848 861 1920 dentibus.
914 1848 1048 1941 Lingua
1072 1850 1162 1924 lum·

194 1947 287 2019 brici
313 1947 419 2019 instar
444 1947 564 2039 longa.

140 2064 372 2119 couneus
401 2042 620 2135 compressus
658 2040 764 2113 dorso
795 2042 971 2114 carinato.
1034 2047 1159 2118 Coi-aur

195 2142 329 2215 tedium
360 2142 410 2214 est
438 2144 537 2232 (non
562 2140 712 2232 squamis
741 2136 820 2229 sed)
851 2142 1048 2212 tuberculis
1080 2144 1158 2233 gilt-

191 2239 477 2313 bissenorum
495 2238 537 2310 sd
555 2240 667 2310 latera
689 2237 711 2309 s
703 2260 843 2333 uptus
823 2238 1020 2311 ouaternis.
1053 2242 1158 2315 Attus

193 2336 442 2421 transversus,
470 2336 670 2409 antrorsum
699 2338 844 2414 lunaris

139 2456 306 2511 cauus
334 2458 492 2529 corpure
515 2436 637 2527 paullo
661 2435 831 2527 brevior,
860 2449 980 2523 teres,
1009 2433 1155 2509 modice

191 2534 405 2627 compressa.

144 2630 274 2711 Palma
295 2630 502 2725 pentudalip
499 2628 610 2718 lte,
599 2644 651 2703 tta
668 2643 791 2704 tamen
807 2642 850 2703 ut
875 2626 977 2723 digiti
998 2642 1073 2703 tres
1100 2632 1157 2707 in·

194 2731 351 2803 acriores
376 2732 543 2801 totaliter
568 2730 814 2802 coalescentes
832 2726 1069 2800 &communi
1098 2744 1155 2803 tu·

191 2830 275 2902 nica
298 2827 439 2913 vestiti,
465 2829 669 2899 exteriores
690 2848 780 2897 vero
804 2825 877 2895 dno
907 2825 1067 2897 similiter
1090 2848 1156 2901 co·

191 2926 352 2999 adimari
420 2928 545 2998 Planta
581 2924 740 2995 similiter
772 2920 981 3015 pentayrdaii
976 2924 1056 3003 ie
1096 2924 1156 2998 sed

193 3023 318 3120 digitis
343 3024 457 3095 tribus
485 3022 727 3095 exterioribus
754 3006 786 3092 a
811 3022 945 3101 pariter
973 3022 1156 3095 interiori·

192 3124 262 3195 bus
293 3124 434 3194 duobus
459 3121 557 3193 inter
578 3120 611 3192 se
639 3118 874 3209 coadunatis,
904 3119 1156 3197 contrariete

192 3220 230 3295 in
256 3220 381 3312 palmis
409 3220 565 3290 ratione.

144 3340 323 3393 catsra
349 3320 411 3389 iix
434 3317 533 3389 ulla
525 3338 560 3390 tn
581 3336 762 3405 corpore,
788 3313 846 3388 sed
864 3314 980 3387 sutura
1008 3314 1155 3391 dorsalis

191 3417 349 3505 acapite
373 3416 415 3487 ad
439 3415 595 3489 medium
616 3414 758 3495 caude,
787 3430 829 3484 ut
852 3412 885 3484 o
906 3412 1023 3484 sutura
1043 3415 1157 3487 abdo·

191 3513 336 3587 minatis
361 3516 403 3583 ab
423 3512 524 3599 apice
545 3510 648 3581 rostri
668 3511 709 3580 ad
726 3532 856 3591 unum
882 3531 1038 3583 necnon
1059 3512 1157 3586 linea

190 3608 466 3705 longitudinalis
488 3610 657 3700 turisque
680 3609 808 3698 capitit
837 3607 987 3701 squamis
1012 3610 1153 3683 conlcis

189 3708 406 3783 acuminatis
433 3708 627 3797 majoribus
656 3704 825 3779 diliiusia.

147 3804 261 3899 Digiti
282 3808 343 3879 duo
362 3810 417 3879 val
438 3821 504 3879 tres
530 3804 703 3893 retrorsum
727 3804 885 3899 spellaitt,
912 3819 949 3877 att
971 3825 1004 3875 eo
1016 3799 1152 3896 finniur

191 3928 301 3979 ramus
343 3906 494 3976 arborum
528 3904 766 3999 apprehendat,
799 3900 874 3996 fere
909 3918 946 3975 ut
983 3902 1151 3989 Pdttaciu

193 4004 289 4079 Pirir
314 4004 359 4087 I?
382 4006 512 4075 socialis
541 4002 651 4074 uidae
681 4000 736 4091 esl.
798 4000 889 4075 Hina
918 4006 952 4073 in
981 4003 1151 4074 arlrarilnts

154 4148 159 4153 -
191 4097 422 4197 velactffimut‚
453 4106 488 4173 in
504 4104 601 4193 plana
623 4112 729 4170 autem
751 4100 817 4171 laco
837 4098 992 4190 tellulina
1010 4102 1146 4171 tardior.

195 4198 382 4275 Habitat
369 4222 404 4271 tn
431 4200 555 4291 sepibus
579 4198 624 4283 ἃ
645 4197 823 4281 arlalulis
849 4198 1025 4290 rarrrbrafis‚
1049 4202 1152 4270 lietui-

196 4296 371 4389 diusculis‚
396 4298 522 4371 calidis.
566 4296 714 4395 Catada'
701 4316 842 4369 rnrwoa
862 4295 927 4389 esi,
959 4319 1021 4389 qua
1039 4313 1149 4391 appre

194 4398 319 4487 lmlit,
339 4410 492 4491 tanquan
507 4416 619 4481 manu,
658 4398 785 4469 rosina
801 4394 1009 4469 adminicula.
1062 4394 1151 4562 Ociu-

675 4510 698 4563 ἰ
1117 4512 1152 4563 as
