2594 5146
343 682 570 766 MUSEUM
612 678 871 763 PRINCIPIS.
1069 692 1140 779 289

125 888 286 946 cantra
315 886 490 959 ovatum,
524 866 674 960 squamis
706 866 889 937 anteriora
918 862 1041 935 versus
1073 864 1140 937 in·

176 972 372 1054 bricatum,
398 990 496 1060 pone
514 968 616 1058 juxta
631 986 733 1035 aures
750 963 882 1035 aculeis
905 963 1138 1053 inaequalibus

174 1066 371 1159 spinosum,
389 1065 486 1156 quod
505 1066 679 1158 lingulare
701 1063 736 1132 in
754 1062 820 1133 hac
834 1059 963 1153 specie.
1016 1064 1140 1133 Collum

174 1167 287 1237 etiam
304 1163 452 1253 squamis
468 1161 615 1254 spinosas
630 1159 749 1252 sparsis
765 1161 869 1253 riget.
916 1160 1061 1232 uturum
1083 1158 1139 1228 fo·

180 1263 318 1335 ramina
334 1263 498 1347 elevata,
522 1256 717 1331 retrorsum
736 1257 939 1345 spetiantia.
972 1258 1139 1349 Palpelrae

177 1360 425 1433 denticulatae,
481 1359 588 1447 Crisia
604 1355 665 1428 sub
680 1358 760 1449 gula
774 1356 883 1433 nulla.
912 1354 968 1425 sed
987 1355 1141 1446 paloaria

177 1459 272 1531 laxa.
323 1456 470 1531 Aurium
496 1454 675 1530 foramina
700 1456 908 1527 membrana
931 1454 1058 1525 clausa.

124 1594 357 1652 annaeus
384 1576 502 1649 tesius
520 1572 671 1667 squamis
700 1574 930 1663 rotundatis,
957 1574 1055 1666 supra
1084 1598 1143 1650 ca.
1268 1609 1274 1622 ·

177 1672 330 1760 rinstis,
356 1672 452 1766 spina
472 1674 699 1759 terminatis,
727 1671 850 1745 subtus
866 1692 959 1745 vero
979 1677 1145 1747 obtusio·

180 1792 263 1860 res,
288 1792 356 1844 nec
381 1772 549 1844 carinatas
571 1767 653 1843 sunt
679 1767 840 1863 squama.
897 1774 1020 1843 Sauum
1048 1773 1143 1847 dorsi

177 1869 324 1954 antiae,
345 1867 538 1962 prasertim
557 1866 594 1943 in
609 1870 730 1958 collo,
757 1865 906 1961 squamis
924 1868 1051 1943 ereuls
1071 1873 1145 1960 lan-

176 1969 336 2042 ceolatis
365 1966 535 2040 dillinsiis
572 1965 728 2043 cristata.
789 1967 962 2042 Abdomen
996 1968 1145 2045 destitu-

179 2078 262 2140 tum
284 2064 336 2139 est
358 2063 531 2140 scutellis.
619 2072 623 2082 '

124 2182 298 2239 ennon
322 2160 472 2256 squamis
498 2156 610 2257 magis
636 2160 829 2251 carinatis,
856 2158 1040 2258 magisque
1063 2186 1145 2240 acu·

145 2356 153 2369 .
177 2260 329 2433 ¹initiatis
352 2259 604 2337 senatumne
625 2284 749 2359 parum
772 2264 962 2361 angulata,
987 2286 1146 2361 corpore

223 2380 343 2435 nior.

131 2380 273 2537 l’rtlrnug
282 2453 561 2551 pentadaslylae,
588 2457 705 2555 digito
722 2456 841 2552 primo
862 2456 895 2532 ἃ
916 2459 1046 2551 quinto
1062 2484 1147 2554 pro·

181 2554 330 2631 fundius
349 2554 535 2648 separato,
562 2559 675 2630 tertio
694 2558 726 2628 &
745 2572 875 2647 quarto
895 2560 1025 2636 minus.
1068 2561 1147 2634 Ho-

183 2676 265 2729 rum
292 2654 429 2751 digitus
462 2654 597 2743 primus
627 2653 872 2743 brevissimus,
909 2653 1147 2735 secundus&

180 2754 331 2845 quintus
368 2753 575 2847 longiores,
619 2753 752 2826 tertius
784 2752 955 2848 longior,
997 2772 1145 2847 quartus

181 2848 415 2947 longissimus.
460 2851 590 2924 Planta
609 2850 882 2944 pentadauylae,
910 2851 1027 2947 digito
1045 2846 1146 2946 quin·

183 2960 229 3024 to
249 2946 461 3042 profundius
487 2948 671 3043 separato,
702 2949 857 3022 secundo
877 2948 994 3024 minus
1013 2952 1144 3045 adhuc,
1234 2940 1238 2961 ¹

179 3047 347 3120 omnium
370 3038 518 3119 minime
542 3062 662 3119 autem
682 3050 795 3118 tertio
817 3047 849 3119 ἃ
871 3064 1012 3140 quarto.
1067 3049 1146 3125 Ho-

181 3164 263 3218 mm
294 3144 429 3236 primus
461 3145 709 3231 brevillimus,
751 3146 923 3237 quintus,
954 3144 1144 3241 secundus,

182 3242 339 3329 tertius,
364 3260 510 3332 quartus
533 3240 656 3316 senslm
682 3243 881 3336 longiores.

138 3336 227 3417 Mos
253 3336 365 3435 dusera
390 3364 410 3412 a
435 3339 583 3431 fairrino,
624 3344 707 3435 quod
736 3342 833 3434 cristo
865 3342 999 3435 dorfhlis
1025 3348 1061 3416 in
1089 3349 1145 3418 illo

143 3466 148 3475 ·
185 3438 306 3529 constal
327 3460 366 3511 er
388 3438 563 3533 majoribus
585 3440 750 3533 squaluit,
774 3460 793 3510 a
820 3446 922 3531 canite
946 3444 1147 3516 admediana

187 3534 402 3632 anfunsus
429 3532 575 3632 ertenfir.
632 3536 743 3630 Hujus
760 3537 901 3632 firurmae
930 3561 950 3611 o
975 3554 1063 3631 tergo
1085 3547 1146 3614 rni-

184 3656 251 3707 nus
270 3640 481 3719 acuminato,
502 3658 560 3706 nec
580 3640 683 3708 larua
710 3636 784 3707 colli
809 3632 944 3730 spinoso.
997 3637 1147 3711 Fontinae

186 3750 266 3806 vero
301 3732 399 3821 crisio
429 3733 551 3817 consina
579 3754 618 3806 ex
639 3734 785 3827 filuumis
814 3737 1014 3822 minorihus,
1044 3760 1064 3808 o
1094 3760 1148 3809 cu·

180 3837 252 3927 pite
286 3837 347 3903 uix
376 3830 418 3903 od
449 3834 593 3903 humeros
621 3836 781 3922 elongato.
859 3832 940 3905 Hoc
971 3835 1014 3904 orl
1043 3838 1149 3907 latero

184 3927 399 4024 mimttifflrnis
413 3926 522 4025 spinis
550 3943 678 4001 armata
699 3928 763 4021 rst,
795 3930 839 4016 s?
851 3932 994 4025 squama
1022 3952 1089 4006 tam
1112 3940 1147 4008 in

188 4027 302 4123 dorso,
327 4048 421 4121 quana
446 4027 551 4100 raudo
574 4033 679 4122 magis
707 4034 910 4103 acunalnurae.

121 4156 426 4265 5.1.ncl·:RTA
462 4162 639 4258 (Calates)
674 4170 786 4241 cauda
823 4168 959 4267 longa,
998 4176 1150 4270 pedibus

187 4263 481 4376 pentadasiylis,
522 4265 630 4340 dorso
657 4270 778 4342 antica
815 4268 994 4366 dentato,
1030 4283 1150 4374 capite

186 4378 288 4461 pone
314 4362 554 4438 denticulato.

147 4480 237 4561 Μ
255 4480 289 4559 Ῑ·
669 4470 708 4557 T
1022 4488 1153 4571 Lacer-
