2594 5146
201 598 219 631 Ι

348 665 575 749 mussula
615 628 870 741 amuorars.
1074 678 1144 763 ²99

174 852 353 950 pitaculo‘
369 847 492 946 gessit,
529 845 702 940 Sebaeque
735 842 955 936 quaraginta,
1003 837 1046 914 ln
1070 838 1144 913 hoe

175 951 257 1046 ipso
294 953 417 1025 elucet
452 947 645 1022 clementia
678 942 803 1016 summi
839 939 1026 1014 creatoris
1059 960 1145 1034 erga

177 1052 375 1126 humanum
407 1067 541 1140 genus,
575 1044 673 1136 quod
699 1043 773 1114 hoc
797 1039 1038 1112 instrumento
1067 1060 1144 1111 cre·

174 1149 328 1245 pitaculi
357 1144 498 1218 dederit
523 1141 732 1216 hominibus
759 1139 970 1211 facultatem
996 1137 1057 1210 sibi
1086 1158 1144 1210 ca·

177 1247 293 1320 vendi
318 1245 475 1318 amorlu
498 1242 602 1333 hujus
628 1239 760 1313 summe
784 1235 928 1310 lethalis
949 1235 1144 1328 serpentis:

179 1344 328 1438 quoties
356 1342 451 1415 enim
486 1337 642 1412 morsum
674 1355 845 1431 peraget,
880 1356 1013 1427 corpus
1045 1333 1145 1409 suum

178 1440 345 1516 citiffime
370 1437 593 1523 contrahet,
626 1449 668 1508 ut
698 1434 868 1507 faciendo
896 1432 1001 1506 illurn
1035 1449 1145 1527 caput

176 1540 396 1635 protrudat,
425 1559 498 1630 quo
528 1532 604 1627 ipso
633 1533 893 1626 crepitaculum
918 1533 990 1604 hoc
1017 1531 1144 1608 sonum

179 1639 276 1725 edit,
292 1661 336 1711 ex
348 1656 421 1730 quo
439 1634 638 1726 periculum
656 1632 851 1705 imminens
869 1630 1010 1705 evitare
1026 1633 1143 1707 sciunt

180 1737 375 1825 homines,
405 1731 501 1826 quod
529 1730 645 1803 brutis
673 1729 888 1823 denegatum
919 1729 983 1807 est.

125 1860 152 1932 d
178 1853 400 1929 Sacerdotes
432 1850 543 1926 nostri
573 1873 594 1924 e
619 1848 856 1942 Penlylvania
887 1849 1065 1935 reduces,
1099 1845 1144 1921 ad

176 1975 291 2027 unum
309 1972 439 2026 omnes
458 1948 643 2035 referunt,
672 1948 765 2021 hanc
783 1948 978 2040 Viperam,
1010 1948 1086 2021 viso
1108 1949 1145 2020 in

176 2055 313 2125 arbore
338 2048 483 2138 scium,
528 2047 572 2120 ad
603 2048 680 2139 ejus
713 2045 852 2119 radices
885 2048 1143 2140 procumbere,

174 2145 334 2222 sciorum
363 2146 479 2221 oculis
504 2144 725 2218 radiantibus
751 2143 785 2217 tr
809 2143 897 2218 riilu
925 2144 1073 2235 hiante,
1104 2158 1146 2217 ut

178 2244 276 2320 solet
309 2246 390 2319 felis
420 2265 585 2329 murem,
622 2243 885 2336 contemplarl3
926 2244 1023 2333 hunc
1052 2264 1145 2315 vero

178 2340 451 2419 consternatum
483 2343 651 2416 arborem
684 2341 981 2431 circumcursare,
1010 2341 1145 2438 effugia

180 2462 366 2536 quasrere,
402 2440 549 2514 tandem
578 2461 694 2527 vero,
735 2439 838 2511 velut
868 2439 1078 2515 fascinatum
1108 2440 1145 2513 in

178 2561 224 2613 os
243 2540 367 2635 anguis
388 2538 532 2611 insalire.
559 2540 629 2612 uid.
648 2537 753 2614 Lina.
769 2541 806 2611 de
824 2541 950 2612 telluris
967 2545 1142 2615 lucremur·

170 2654 238 2728 jo,
261 2635 395 2735 profan

129 2777 147 2828 r
170 2752 233 2828 Est
250 2752 388 2826 morsus
411 2752 515 2846 hujus
529 2750 703 2845 serpentis
717 2751 1024 2843 venenatiffimUS‚
1050 2776 1147 2827 mor·

180 2866 260 3022 ctleru
295 2853 475 3021 ᾞςεεΙετεῑ
504 2850 602 2925 intra
636 2873 749 2925 unum
779 2855 840 2924 vel
872 2852 917 2925 ad
950 2851 1146 2928 maximum

206 2971 274 3022 uos
327 2970 390 3021 res.

131 3067 159 3164 J*
174 3068 397 3143 Antidotum
431 3067 536 3162 hujus
570 3067 708 3144 morsus
742 3069 793 3144 est
828 3069 929 3143 radix
966 3071 1147 3166 Polygalae

182 3167 287 3240 caule
308 3165 454 3260 simplici
479 3167 622 3256 eredi03
655 3169 753 3242 foliis
780 3170 1147 3244 ovato-lanceolatis

188 3264 339 3338 alternis
353 3264 618 3360 integerrimis,
642 3287 789 3340 racemo
809 3267 989 3340 terminali
1011 3268 1146 3342 eredo.

186 3366 339 3437 Gronau
351 3366 429 3463 flor.
451 3371 538 3456 virg.
555 3376 633 3445 180.
687 3364 773 3437 Hoc
788 3364 899 3456 ipsum
924 3363 1149 3458 sylvestrium

182 3461 473 3557 virginianorum
491 3461 699 3535 antidotum
718 3484 833 3556 nuper
849 3461 992 3534 detexit
1011 3462 1146 3537 Clarill'.

183 3559 442 3654 Tennentius,
477 3560 535 3652 qui
559 3559 710 3649 docuit,
744 3581 868 3634 veram
895 3559 1150 3652 serpentariam

182 3656 424 3751 virginianam
455 3679 525 3730 nec
552 3657 858 3744 Aristoloclaiam,
899 3679 968 3732 nec
1000 3657 1150 3734 Dorlle·

188 3755 310 3846 niam,
338 3775 409 3829 uec
438 3753 617 3846 Adimam,
651 3776 721 3845 nec
743 3755 940 3844 Resedam‚
967 3777 1037 3830 nec
1067 3758 1150 3832 Pre-

183 3853 358 3926 nanthem
382 3851 474 3942 elie,
506 3851 564 3924 sed
589 3850 790 3945 praedidiam
819 3854 971 3948 speciem
998 3854 1151 3951 Polyga·

184 3952 251 4035 lae,
281 3973 348 4041 qua
377 3951 487 4023 hodie
521 3947 677 4042 specifici
704 3950 812 4025 instar
836 3953 874 4026 in
904 3952 1066 4027 febribus
1095 3956 1149 4029 in·

187 4048 439 4121 damnatoriis
465 4048 613 4122 utimur.
970 4088 974 4095 ·

130 4190 153 4263 g
183 4165 244 4241 Aa
269 4169 591 4261 quinquepedalem
616 4170 884 4266 longitudinem
904 4170 1078 4244 excrescit
1093 4173 1152 4245 sae·

184 4287 234 4359 pe
255 4264 398 4360 serpens
420 4269 516 4359 laec,
549 4267 727 4361 precipue
752 4271 789 4346 in
811 4267 954 4343 Brafilia
980 4268 1149 4363 &Virgi-

182 4364 246 4442 nia
271 4363 484 4459 invenitur,
514 4386 579 4462 per
601 4365 777 4446 salebrosa
791 4369 876 4447 loca
898 4360 1066 4444 citillr‘mo
1080 4367 1153 4537 sterit
