2594 5146
204 580 910 787 mmmm

146 895 1083 1241 nerduinus

208 1314 900 1471 NATURALIS

362 1558 452 1635 SUB
501 1556 748 1635 PRAESIDIO

156 1656 276 1856 D..
308 1725 392 1858 D.
468 1724 630 1855 Cin.
679 1721 940 1857 Lrunmr
1085 1616 1089 1623 Ι

464 1964 659 2058 propofitae

533 2123 576 2168 ΑΒ

241 2254 408 2334 OLAO
474 2250 876 2332 SOEDERBERG

450 2395 544 2449 ANB.
584 2394 659 2448 ert.

395 2505 480 2568 Delia
493 2541 507 2558 ·
520 2506 717 2570 Vtrmelaudo

307 2631 445 2730 Upsulr'ae
467 2647 572 2730 1748.
626 2631 731 2732 Junci
746 2654 804 2728 31.

111 2832 426 2860 *—

497 2974 531 3061 §.
583 2966 611 3044 i.

158 3136 247 3192 omo
266 3116 367 3191 simul
386 3137 426 3189 ac
447 3118 620 3205 nascitur,
647 3114 800 3192 senibus
819 3114 935 3192 statim
961 3130 1082 3195 exter·

182 3216 237 3290 nis
260 3214 294 3287 dr
316 3214 469 3288 internis
488 3215 537 3287 cll
555 3216 746 3308 preditus,
773 3230 810 3287 at
837 3236 928 3288 vero
953 3216 1082 3295 iisdem

181 3313 298 3388 utitur
326 3312 602 3405 perimbecillis,
636 3313 732 3387 unde
761 3312 824 3385 vix
854 3326 915 3386 aut
947 3334 994 3387 ne
1018 3315 1083 3389 vix

113 3436 172 3488 em
208 3413 304 3506 prius
333 3410 519 3503 quidquam
550 3413 747 3503 percipiet,
772 3430 874 3500 quam
900 3409 951 3482 illi
976 3412 1082 3504 pede·

113 3511 164 3588 im
187 3509 412 3604 &gradatim
427 3509 663 3583 maturescere
684 3507 859 3605 coeperint
881 3504 934 3596 a).

111 3630 255 3717 Editur,
282 3646 382 3719 tum,
409 3631 447 3703 in
471 3631 611 3718 lucem,
634 3630 749 3703 veluti
778 3650 822 3700 ex
846 3629 1004 3724 longiori
1031 3630 1083 3704 di.

111 3734 175 3825 tia,
195 3733 290 3804 hunc
307 3727 465 3801 nostrum
489 3730 617 3801 orbem
636 3726 940 3817 consideraturus,
955 3748 1001 3840 ne
1003 3730 1091 3900 eph

963 3847 1000 3918 Je
1037 3848 1083 3920 u,

138 4047 242 4111 Tullus
264 4048 410 4106 mediante
430 4048 543 4121 glutine
563 4062 659 4106 totum
681 4061 791 4118 corpur
816 4057 943 4115 tegente.

137 4126 227 4208 Visus
251 4127 396 4188 mediante
424 4131 523 4188 tunica
544 4127 595 4188 illa
613 4125 723 4186 Halleri
748 4126 778 4184 in
805 4124 896 4183 oculo
917 4123 1088 4200 embryonia

131 4287 261 4353 Auditur
291 4287 437 4349 mediante
469 4290 569 4349 tunica
600 4207 848 4380 istilaiiiiiinte
880 4283 910 4342 ln
942 4298 1085 4346 curete·

518 4416 524 4429 .
632 4384 702 4428 cena
729 4382 801 4433 nott.
1086 4395 1091 4404 ·

111 4444 268 4533 ulllfalitr
289 4450 437 4514 mediante
457 4464 546 4515 muto
567 4449 692 4528 copioso
711 4462 797 4513 ouer
816 4445 960 4524 replente,
