2594 5146
334 652 508 741 llLouA
544 651 906 735 olconlouflcn.
1075 674 1145 749 533

105 840 182 925 -84,
215 829 363 915 Quercus
388 836 505 911 Robur
530 835 730 909 nostratum
755 834 908 909 maxima
932 832 1050 906 arbor.
1099 833 1146 908 It.

195 932 270 1004 Get.
286 956 367 1025 203.
392 934 550 1007 hiemum
577 934 749 1009 chronica
770 932 992 1023 maximeque
1013 934 1147 1024 longe·

189 1050 248 1102 va.
281 1032 326 1111 It.
344 1032 413 1105 Oel.
424 1036 483 1113 68.
503 1032 595 1127 agris
615 1032 776 1124 &pratis
795 1030 916 1103 noxia.
946 1032 1066 1120 Welig.
1080 1032 1141 1119 ⁶7·

186 1128 371 1219 plantatur
404 1126 464 1203 sub
497 1131 664 1221 junipero
703 1129 824 1221 Weilg.
847 1148 928 1219 104.
962 1124 1148 1217 quomodo

189 1224 284 1297 resia
303 1224 450 1309 crescat,
472 1228 555 1297 vide
576 1228 647 1301 Ocl.
665 1248 722 1319 31.
745 1248 825 1317 134.
865 1228 1008 1299 Glandes
1023 1220 1148 1313 primis

191 1325 407 1395 mortalibus
431 1324 598 1397 &adhuc
620 1324 793 1397 Barbarie
819 1324 950 1396 incolis
975 1344 1041 1415 pro
1062 1322 1147 1394 cibo

190 1418 391 1494 suerunt&
411 1422 501 1497 sunt.
547 1426 648 1495 Sbao.
667 1428 705 1497 it.
751 1420 821 1495 His
842 1422 952 1495 etiem
973 1420 1049 1495 sues
1069 1420 1147 1490 altl-

188 1517 245 1589 les
266 1516 379 1605 liunt,
408 1520 443 1591 in
470 1518 610 1593 deleslu
631 1540 722 1590 vero
747 1540 900 1593 annonae
925 1540 1036 1607 panes
1062 1538 1149 1609 pte·

189 1632 370 1707 parantur.
415 1619 529 1690 Barth.
548 1620 630 1690 alone
682 1613 791 1687 Coria
810 1618 950 1707 optime
968 1637 1149 1688 maceran-

190 1726 252 1785 tur
279 1715 420 1784 cortice
448 1715 481 1789 ἀ
508 1713 645 1805 cupulis
676 1712 821 1789 fruetus.
871 1714 963 1787 Folia
985 1712 1148 1789 recentia

192 1810 336 1901 quidam
380 1812 416 1882 in
450 1810 617 1903 pabulum
654 1812 782 1884 ovium
823 1825 996 1898 vertunt,
1044 1813 1149 1883 Gollae

115 1950 119 1955 -
191 1906 293 1981 foliis
314 1907 447 1981 innatoe
463 1924 670 1983 atramento
687 1910 808 1985 utiles.
857 1910 962 2001 Ligna·
976 1910 1148 1981 materies

189 2004 297 2089 dura,
328 2020 458 2091 tenax,
496 2008 639 2079 flexurae
666 2008 829 2095 paticus,
857 2028 925 2079 nec
950 2005 1147 2079 tormentis

191 2102 361 2179 conculsa
398 2103 504 2176 facile
536 2106 643 2177 rimas
685 2124 815 2195 agens,
842 2104 926 2175 binc
958 2105 1001 2175 ad
1033 2122 1147 2176 naves

185 2200 366 2293 primaria.
415 2202 562 2293 Lignum
591 2200 853 2275 aCantlratide
882 2201 1075 2277 destruitur
1105 2200 1144 2273 b.

191 2298 292 2379 Well.
309 2302 384 2371 Got.
398 2320 478 2393 149.
497 2300 530 2370 ἃ
552 2299 717 2370 teredine
743 2299 861 2371 navali
881 2301 1041 2385 laeditur;
1060 2296 1148 2373 diffi-

187 2393 259 2469 cile
289 2398 373 2467 alias
406 2396 458 2469 est
491 2399 769 2489 conglutinata,
809 2398 906 2470 unde
936 2412 1148 2471 tornatores

188 2492 339 2565 liberius
373 2495 456 2566 alno
486 2494 530 2565 ad
560 2509 661 2565 rotas
694 2496 764 2565 coli
799 2508 965 2568 utuntur.
1028 2492 1147 2585 Ligno
1256 2556 1258 2561 .

189 2590 410 2665 nostratibus
439 2590 526 2665 nihil
560 2612 661 2683 paene
686 2592 878 2679 perennius
907 2592 949 2661 ad
975 2588 1146 2683 aedilicia,

181 2686 406 2780 sepimenta,
449 2686 553 2761 cistas
596 2687 829 2781 sepulcrales,
871 2687 988 2779 dolia,
1020 2686 1145 2777 sellas,

183 2786 345 2873 mensas,
381 2784 617 2877 repositoria,
655 2788 828 2857 volvulos
858 2806 1047 2881 agrorum,
1089 2804 1144 2857 ra·

185 2882 269 2955 dios
289 2884 390 2974 axis,
414 2896 553 2969 aratra,
580 2883 683 2977 palos
706 2885 873 2973 variaque
895 2883 1143 2957 instrumenta.

189 2976 235 3053 In
272 2980 363 3053 foco
403 2982 578 3055 laudabile
618 2980 679 3053 cst.
740 2982 885 3053 Arbore
923 2978 1145 3073 putresasla,

185 3076 296 3152 scobe
322 3100 390 3170 pro
422 3080 540 3151 bortis
572 3078 607 3151 bc
636 3076 829 3171 presertim
858 3080 992 3171 plantis
1018 3080 1146 3149 bulbo·

183 3173 253 3265 srs,
295 3197 364 3248 nec
397 3197 473 3249 non
506 3198 573 3268 pro
607 3175 814 3251 sumatlone
847 3174 1144 3270 pleuroneoun,

189 3286 355 3345 utuntur.
395 3275 440 3349 It.
463 3275 539 3347 Get.
560 3295 618 3365 31.

105 3379 174 3463 '850
204 3372 315 3464 sagus
331 3370 498 3463 filoatlca.
530 3452 534 3459 ,
561 3374 743 3445 Glandilus
772 3370 851 3445 sues
882 3368 1144 3465 pinguescunt,

188 3490 332 3541 annona
364 3490 454 3539 vero
479 3484 656 3565 urgente,
683 3491 810 3561 panem
840 3468 981 3559 quidam
1010 3490 1054 3539 ex
1090 3465 1145 3539 bis

188 3581 412 3659 preparant,
443 3581 480 3637 at
495 3565 748 3661 cephalalgiam
768 3568 800 3639 bt
820 3565 1074 3639 temulentiam
1093 3563 1147 3638 ln·

185 3666 298 3739 ducit.
327 3662 450 3735 Tostae
470 3664 728 3737 succedancum
747 3662 887 3735 coffcae.
931 3664 1076 3755 Lignum
1093 3658 1144 3733 sa·-

107 3810 117 3821 -
187 3763 258 3835 cile
280 3760 525 3853 corrumpitur
544 3760 606 3835 sub
625 3761 708 3847 dio,
728 3776 766 3832 at
782 3762 842 3841 sub
862 3772 1039 3853 perpetua
1055 3778 1145 3851 aqua

181 3860 318 3933 diutius
352 3858 478 3947 durat,
519 3857 604 3931 hinc
639 3880 706 3949 pro
744 3858 891 3933 navium
925 3856 1055 3929 carinis
1088 3877 1143 3927 re-

181 3954 416 4048 ceptiffimum
443 3957 479 4029 in
496 3954 639 4049 Anglia.
696 3954 803 4049 Ligni
826 3956 974 4027 lamellae
1003 3952 1143 4037 flexiles

181 4054 324 4144 vaginis
358 4054 492 4125 ensrum
526 4052 560 4123 δι
595 4053 794 4126 corticibus
835 4053 1010 4127 librorum
1053 4070 1141 4123 con·

183 4150 350 4226 ficiendis
378 4148 599 4225 inserviunt:
631 4149 757 4224 asseres
780 4166 901 4225 autem
929 4148 1143 4225 conducunt

183 4250 229 4321 ed
260 4245 562 4321 confabricandos
602 4246 733 4337 folles,
775 4248 987 4323 fornacibus
1014 4244 1143 4319 ferreis

186 4344 500 4425 accommodatos.
556 4345 720 4538 Μὶκῖωξ
752 4346 923 4451 calefecit
953 4346 996 4423 in
1028 4344 1144 4513 fosseis(³
