2594 5146
130 663 549 749 mssrnmonun
577 664 914 751 canusinus
971 694 1042 770 nr

123 866 432 923 cnrsrnuaus
454 845 649 938 ninistrans
664 854 855 943 quonzosta,
879 853 1040 946 crystallis

123 971 132 1018 r
149 948 352 1033 distantibus.
397 945 485 1018 Haec
502 936 581 1013 κατ’
604 936 727 1034 igonis
743 945 937 1042 Crysteiius
954 951 1042 1025 dici·

128 1045 249 1137 sepius
264 1047 390 1118 colore
400 1045 535 1132 rubro,
553 1058 594 1117 ut
606 1043 778 1131 Rudinus,
799 1044 907 1121 tinisa
920 1046 1041 1122 obser·

160 1141 432 1233 Nonnunquam
457 1143 565 1215 etiam
588 1140 743 1215 nostram
765 1143 858 1217 hanc
882 1145 1039 1221 vidimus

123 1239 203 1314 ilum
241 1240 283 1312 ad
322 1240 416 1312 latus
460 1239 610 1312 inferius
650 1239 720 1313 esse
757 1242 1038 1318 decorticatam:

123 1335 194 1412 ane
221 1335 463 1422 demonstrat,
494 1335 711 1428 crystallus,
742 1340 795 1411 uti
826 1337 929 1430 saiia,
962 1363 1040 1416 cre·

138 1455 203 1528 per
251 1435 513 1528 appositionem
571 1448 780 1510 externam:
830 1438 905 1512 haec
942 1440 1041 1517 enim

123 1533 178 1605 itia
214 1531 437 1627 decorticata
477 1533 586 1605 etiam
631 1533 758 1626 prisma
794 1533 843 1608 en
880 1535 1038 1631 perfecte

123 1632 209 1705 iton.

151 1768 459 1822 crass-rannus
500 1747 694 1841 nitriformr's
727 1750 898 1843 quartznfis
924 1772 1037 1844 aggre-

123 1851 204 1920 nuiis
220 1847 319 1938 (Fig.
333 1844 405 1940 7.).
456 1845 523 1931 lta,
545 1862 586 1920 ut
608 1845 644 1919 in
667 1843 777 1939 figura
796 1843 1036 1938 adposuimus,

123 1965 186 2032 ur,
212 1945 256 2018 ab
278 1944 536 2040 aggregatione
553 1945 746 2017 multarum
764 1940 1038 2035 crystallorum,

123 2057 156 2114 ut
193 2043 267 2131 nil,
303 2042 366 2116 nisi
400 2040 602 2134 pyramides
636 2041 861 2132 superiores,
888 2039 1038 2134 perspici

149 2141 262 2235 vulgo
298 2143 409 2212 flores
451 2137 651 2230 Crystallini
689 2153 892 2231 vocantur,
931 2138 965 2210 dr
998 2139 1040 2215 iu

123 2260 174 2310 sus
208 2237 359 2326 nostris,
395 2239 522 2308 colore
559 2258 705 2328 aquen,
738 2237 869 2326 rubro,
905 2235 1039 2327 viridi,

123 2359 162 2422 2,
202 2335 394 2426 violaceo,
435 2332 553 2407 tinsiae
576 2333 843 2426 ,reperiuntur3
880 2334 916 2408 in
946 2332 1036 2407 Ger·

146 2430 434 2506 communiffimae
473 2430 573 2521 sunt,
610 2453 685 2525 quae
721 2431 848 2504 colore
879 2431 1038 2527 gaudent

166 2529 261 2604 unde
299 2529 343 2602 ed
375 2527 603 2603 Hoilandiam
635 2530 771 2621 aliaque
804 2530 884 2601 loca
909 2528 1035 2616 nedae,

125 2651 156 2700 ae
184 2627 285 2719 ipsa,
316 2627 519 2720 exquibus
550 2640 783 2715 ornamenta,
829 2640 1036 2721 cryptaque

123 2725 160 2798 :is
190 2722 447 2802 conficiuntur.
495 2721 537 2798 In
561 2724 711 2798 matrice
737 2722 918 2797 metallica
944 2722 1034 2817 saepe

123 2823 367 2897 inveniuntur.

147 2942 456 3019 causunt'uus
497 2941 693 3032 aitrifnsnis
725 2940 850 3036 spansa
885 2944 1031 3029 acauiis,

123 3068 130 3114 r
176 3048 402 3140 pyramidum:
460 3045 624 3134 pyramide
667 3044 833 3134 superiore
876 3038 1034 3133 subuhta

124 3136 169 3231 .).
223 3139 265 3213 ln
290 3140 415 3213 sodina
433 3135 718 3210 Dannemorensr
738 3133 936 3209 invenitur.

154 3280 463 3334 cnrsrsnaus
504 3255 696 3346 nitrisnrnis
733 3255 862 3351 ⁸[praeusti
908 3261 1032 3330 acautis

123 3374 178 3431 ta:
210 3361 375 3454 pyramide
397 3360 551 3452 [adulata
584 3357 707 3445 odiique
736 3345 928 3443 (Figro.)
986 3350 1033 3431 ln

123 3477 215 3527 nora
242 3454 351 3527 etiam
378 3454 452 3526 haec
476 3452 683 3539 invenitur,
712 3451 745 3519 dt
767 3448 925 3523 Dentium
945 3452 1032 3525 Suil-

135 3556 248 3647 vuigo
271 3555 495 3634 Spintaender,
529 3550 678 3621 nornine
711 3560 897 3620 notantur.
947 3546 1033 3623 Net

123 3652 252 3742 ,Spato
277 3648 477 3740 reperitur,
508 3646 685 3717 bitumine
707 3644 860 3737 quodam
879 3643 1029 3718 circum·

125 3748 191 3822 Hae
220 3767 312 3819 vero
334 3743 495 3838 Crystaiii
518 3744 655 3835 semper
675 3743 843 3832 oblique,
868 3759 943 3814 non
969 3760 1028 3815 au·

126 3845 442 3935 rpendicuiariter,
470 3856 512 3913 ut
531 3841 626 3929 aiiae,
648 3837 1033 3935 crescunt3p1eraeqne

123 3942 167 4013 1ae
197 3942 296 4026 sunt,
330 3940 508 4012 interdum
540 3957 631 4009 vero
653 3933 767 4009 crusta
790 3956 904 4027 opaca
927 3936 1029 4011 indu-

125 4062 286 4133 anquam
320 4038 426 4110 etiam
461 4050 578 4108 totam
602 4031 834 4107 *substantiam
861 4036 1033 4109 nonnoni

123 4158 261 4230 >pacam
290 4135 360 4208 esse
388 4133 583 4206 videamus.
642 4139 650 4158 ‘

161 4278 468 4332 cursanaaus
510 4251 704 4344 nitriformie
736 4250 866 4346 spuisse
906 4256 1029 4328 uraniis

123 4369 158 4429 tn
176 4356 397 4455 fasciculum
420 4355 606 4429 decendens
636 4347 735 4446 (sig.
748 4342 837 4442 tn).
888 4349 1028 4539 Ensis}
