2588 5152
219 268 293 338 444
482 240 627 317 VIRES
662 240 1002 319 PLANTARUM.

220 422 292 513 est,
333 422 393 495 ubi
420 422 520 495 cibus
545 424 746 515 praeterlabi
781 424 912 509 debet,
949 422 1089 496 scilicet
1122 422 1159 493 in
1182 444 1278 515 nae,

220 522 275 594 ori
300 540 391 592 vero
418 521 674 612 superpositum
699 520 749 593 est
772 520 1045 593 instrumentum
1078 522 1245 609 odoratu,
1282 564 1288 590 2

221 616 323 693 nasus
348 618 541 705 videlieet,
568 620 668 709 eujus
694 618 827 690 auxilio
851 616 896 687 ‘de
913 621 976 691 illo
997 620 1096 709 qnod
1115 620 1244 691 maxine

220 714 373 787 volatile
401 714 471 805 est,
503 716 669 807 quodque
696 715 833 809 semper
857 714 1037 807 superiora
1071 716 1189 809 petit,
1212 716 1245 807 je·
1274 746 1288 757 ·

221 814 352 885 dicium
374 812 492 886 ferant
521 816 626 885 bruta
653 816 688 887 ie
712 814 888 886 homines.
1269 818 1275 831 '

296 934 429 1021 Lingua
453 932 566 1005 denfis
587 932 740 1024 adspersa
760 932 810 1005 est
827 932 1003 1025 papilialis
1020 930 1184 1005 nerveis.
1197 928 1246 1021 qai

220 1032 288 1104 bus
306 1029 441 1101 subtilis
470 1030 664 1101 obducitur
686 1030 863 1117 cuticula,
890 1032 940 1101 ita
958 1046 1083 1101 tamen
1100 1046 1141 1100 ut
1160 1030 1247 1121 liquor

218 1128 326 1201 valde
345 1126 464 1199 tenuis
489 1128 585 1199 inter
608 1127 696 1219 ipsas
720 1130 865 1220 papillas
887 1128 1135 1201 &cuticulam
1163 1128 1247 1199 intet-
1283 1134 1287 1145 ’

217 1230 358 1322 jaceat,
390 1248 465 1316 qna
487 1228 609 1298 nrneia
629 1248 675 1297 eo
700 1230 916 1313 conterunt,
950 1242 991 1297 ut
1014 1222 1250 1297 adcuratillim

220 1326 302 1398 heic
328 1320 391 1395 fiat
422 1322 585 1397 senlatin.
636 1322 672 1394 Si
702 1323 854 1394 calidum
885 1324 991 1395 nimis
1018 1320 1250 1413 capiamus&
1283 1382 1286 1387 .

220 1424 329 1509 bum,
356 1434 397 1493 ut
420 1420 553 1491 arescat
570 1421 685 1513 liquor
701 1420 783 1505 hic,
809 1422 959 1493 multum
979 1420 1252 1511 debilitaturge·

220 1518 305 1593 stus.
336 1518 371 1589 Si
389 1520 545 1591 cuticula
566 1518 767 1603 abradatur,
784 1518 892 1589 etiam
911 1518 995 1589 illud
1014 1518 1118 1605 quod
1137 1516 1254 1611 gulittt
1285 1602 1288 1607 ¹

222 1618 306 1691 alias
324 1616 374 1688 est
392 1612 637 1705 snaviffimum,
656 1616 825 1689 summum
849 1616 984 1689 excitat
1002 1616 1188 1691 dolorem.

298 1740 418 1821 Gellius
444 1736 488 1805 de
511 1756 558 1807 eo
584 1736 681 1827 qnod
704 1735 834 1809 minori
858 1734 1048 1827 praeditum
1073 1730 1257 1807 est'volai·

223 1838 327 1911 litate
341 1834 501 1923 judicat,
534 1846 574 1903 ut
598 1832 733 1920 nlfeiles
769 1832 811 1903 de
831 1854 877 1903 eo
899 1831 995 1925 quod
1020 1832 1176 1925 majori,
1195 1848 1257 1923 ng.

222 1934 316 2005 Caro
334 1928 401 2001 alla
426 1928 542 2001 adnue
560 1929 674 2001 calida
697 1930 730 2000 a
748 1930 853 2002 suave
874 1930 972 2015 olet,
994 1928 1027 2001 ἃ
1047 1928 1161 2003 suave
1175 1928 1259 2023 sepit.

219 2026 421 2103 Secundum
438 2026 534 2099 haine
551 2024 684 2101 sensum
703 2028 821 2123 gellus
842 2026 1060 2115 anianus,
1083 2024 1260 2101 brutami·

219 2128 325 2203 malin
352 2126 396 2197 de
423 2126 489 2199 suis
512 2124 692 2199 alimentis
718 2126 887 2213 judicium
905 2124 1052 2211 ferunt,
1075 2146 1112 2201 e.
1130 2146 1160 2221 g.
1182 2118 1257 2195 illud

221 2222 327 2320 Equis
348 2224 440 2295 aden
472 2224 616 2295 exitiale
639 2226 880 2297 Phelinndriuna
907 2220 1053 2317 fugiunt
1078 2222 1192 2295 adhue
1212 2218 1259 2289 ni·

221 2324 322 2408 ride,
347 2322 462 2394 odore
491 2320 523 2390 a
551 2320 675 2413 sapore
703 2322 858 2411 retenti,
888 2320 1007 2391 boves
1033 2340 1133 2393 vero
1163 2318 1288 2415 edant,

221 2420 315 2493 idem
342 2420 404 2489 sabi
431 2416 565 2489 salubre
587 2416 851 2507 Pbeilnndrimn,
869 2418 999 2491 eodem
1020 2418 1141 2493 allent
1160 2416 1261 2491 odon
1284 2420 1288 2511 i

224 2519 406 2607 &inpone
428 2512 479 2599 r).
1285 2514 1288 2537 ⁵

295 2636 500 2709 Observata
525 2636 677 2707 maxime
706 2634 873 2729 dignum,
904 2634 1095 2724 quomodo
1121 2632 1262 2707 Creator
1286 2658 1288 2707 :

222 2754 322 2811 certa
345 2732 562 2827 vegetabilia
588 2734 695 2804 certis
727 2734 964 2805 animantibus
983 2733 1019 2805 in
1039 2734 1156 2805 eseam
1181 2728 1262 2804 orii·

221 2836 344 2920 navit,
380 2855 425 2904 ne
460 2832 616 2921 quaedam
646 2829 811 2901 animalia
837 2830 964 2901 diversi
998 2832 1169 2922 generis,
1199 2828 1264 2901 eliis

219 2933 453 3028 praeriperent
492 2950 602 3001 omine
644 2928 874 3013 alimentum,
909 2928 1053 2999 &hine
1082 2928 1264 3001 nonnullas

219 3037 358 3127 plantas
384 3024 493 3098 certis
519 3025 727 3097 animalibus
748 3042 946 3097 venenatas
967 3024 1153 3111 reddidit,
1183 3024 1263 3095 aden

219 3147 259 3203 nt
282 3150 356 3201 non
387 3125 447 3195 nili
480 3122 537 3193 lala
569 3120 765 3217 gratrillima
792 3146 894 3213 plena
928 3122 1015 3215 ipsas
1047 3136 1203 3217 tangere
1232 3120 1265 3191 li·

194 3244 320 3317 ¹ceat,
348 3225 381 3294 δι
411 3246 456 3293 ne
485 3246 527 3291 ex
561 3222 789 3315 ignoratione
824 3222 926 3297 huius
955 3220 1045 3315 legis
1073 3214 1266 3311 improviso

221 3342 376 3397 mortem
406 3333 645 3407 oppeterent,
672 3320 951 3407 unumquodque
970 3316 1128 3409 iplbrum
1148 3340 1193 3388 eo
1212 3338 1264 3409 gu·

219 3422 289 3497 ilus
324 3420 356 3489 la
388 3415 537 3488 olfanus
575 3415 671 3488 sensu
697 3414 882 3502 instruxit,
908 3416 966 3505 qui
990 3414 1075 3487 huic
1099 3413 1163 3487 fini
1186 3434 1266 3487 eon·

221 3534 357 3590 venant.

291 3633 372 3703 Nec
393 3625 524 3698 minori
546 3624 692 3719 dignum
718 3626 948 3711 attentione,
973 3624 1072 3715 quod
1095 3622 1200 3713 sapor
1223 3620 1266 3695 se·

217 3734 373 3808 eundum
387 3744 504 3795 certas
515 3723 796 3796 circumstantias
812 3736 993 3808 mutetur3
1008 3742 1041 3791 e.
1052 3742 1087 3817 g.
1103 3724 1141 3797 in
1153 3720 1266 3889 Felgi-

1248 3838 1264 3889 s

221 3958 441 3985 W
747 3952 1263 3975 m

256 4036 288 4114 r)
313 4036 371 4097 lter
394 4030 557 4101 w-Geeh.
580 4048 611 4107 p.
625 4036 656 4097 6.
